1956 3444
365 259 432 305 IN
466 259 558 306 BIS
594 257 995 306 ACCUSATUM.
1228 265 1252 324 '3
1263 268 1325 325 99⁴

56 360 99 388 to
110 361 157 388 ex
170 346 386 400 sequente’
370 349 462 387 απὸ.
485 348 595 388 Alius
617 358 750 387 contra
763 346 848 397 ἀωρι
862 345 1022 386 amisisse
1042 361 1068 384 α
1083 347 1329 398 praedicabit,

0 498 2 548 ι

0 580 4 728 l

0 745 4 784 l

0 786 3 804 1

0 426 1 441 l
57 403 165 453 quod
180 401 400 454 absorptum
416 402 459 440 fit
477 404 524 441 ab
538 417 565 440 οι
580 402 768 452 sequente.
783 401 899 452 Ego'
883 401 967 450 αωρὶ
981 400 1172 452 praefero,
1185 403 1237 441 ob
1250 403 1328 441 hia-

0 481 1 495 i
56 467 158 501 tum,
171 456 236 507 qui
249 456 390 507 alioqui
409 469 644 506 κακοφωνιοιν
661 456 777 506 parit3
793 455 865 492 δι’
849 454 968 503 ampla
983 453 1111 493 saltem
1126 468 1212 494 cum
1228 469 1330 507 pun-

60 508 124 548 ἑὶο
145 508 354 560 subieripto
378 507 616 548 scribendum
640 506 749 547 fuisse
768 508 946 555 arbitror,
971 508 1078 559 quod
1090 510 1170 547 edd
1186 522 1252 561 pai
1258 521 1330 549 iter

61 562 288 609 omiserunt,
309 574 472 614 excepta
488 563 534 601 B.
554 575 585 600 1.
605 562 702 600 Nam
720 561 746 599 s1
763 572 941 600 neutrum
961 561 1105 610 plurale
1120 561 1239 610 foret,
1255 576 1330 617 pro

61 616 250 657 adverbio
265 616 455 667 positum,
473 626 650 655 accentus
663 615 890 666 effetoechpm.
925 614 1074 654 RErrz.

114 672 188 709 ead.
203 671 227 708 l.
251 683 308 708 10.
320 671 424 708 Ἐκκε
409 669 623 722 excaecarat)
643 669 702 708 Sic
727 671 769 707 V.
786 669 879 708 2.B.
895 669 977 707 2.S.
995 669 1102 709 &A
1116 668 1160 707 In
1173 669 1330 723 reliquis

62 722 275 762 mendose-'-
261 738 346 762 εκκε
351 723 689 774 naswmelegitur.
712 722 870 761 SOLAN.

117 780 191 815 ead.
207 777 231 815 l.
248 791 305 814 12
321 775 541 828 Κολοφῶνα)
563 776 626 815 De
640 777 714 815 hoc
728 776 888 814 oraculo
903 775 1079 815 porterus
1093 775 1186 815 filet.
1206 776 1333 828 Apol-

4 831 5 844 *
63 830 147 870 linis
168 830 287 869 Clarii
304 842 396 869 erat.
419 832 458 870 A
470 830 712 870 Germanico
727 829 942 870 consultum
965 831 1126 882 legimus
1141 831 1241 883 apud
1255 832 1334 871 Ta-

64 885 130 924 cit.
149 884 195 924 A.
211 884 260 931 11,
277 896 334 935 54.
351 884 497 923 Lolliae
513 897 670 936 quoque
684 883 874 932 Paulinae,
889 884 989 936 apud
1005 885 1168 923 eundem
1185 885 1233 923 A.
1245 885 1334 934 XII,

5 966 6 979 i
66 953 131 984 22,
145 937 239 976 inter
255 939 300 976 ali
305 951 325 976 a
341 938 549 984 obieemm,
561 939 665 991 quod
680 938 755 976 hoc
769 938 968 977 oraculum
982 937 1091 990 super
1107 940 1246 991 nuptiis
1258 938 1335 978 Im.

64 992 252 1044 peratoris
266 992 418 1031 Claudii
430 991 563 1030 consul
554 991 687 1031 luiffet.
703 991 853 1039 Strabo,
864 992 930 1044 qui
947 991 1047 1030 circa
1061 992 1224 1045 Augusti
1236 1004 1336 1032 tem-

65 1059 163 1098 pora
175 1045 336 1097 lcripsit‚
355 1046 526 1098 loquitur
544 1046 589 1085 de
608 1045 675 1085 illo
690 1045 874 1092 oraculo,
893 1044 998 1097 quasi
1017 1044 1081 1085 sua
1095 1058 1217 1086 aetate
1231 1046 1334 1087 fama

65 1100 148 1138 eius
171 1110 340 1147 tantum,
364 1113 444 1138 non
465 1098 585 1152 ipsum
609 1099 857 1151 superfuerit3
881 1112 1098 1139 memorans
1118 1115 1163 1139 το
1183 1103 1251 1152 προ
1265 1116 1334 1141 της

6 1174 8 1204 3,
64 1151 278 1207 Κολοφωνος
301 1154 420 1193 &neoc
444 1169 510 1192 του
529 1154 686 1205 Κλαρίου
706 1154 823 1191 Α’πό)
828 1164 952 1199 λωνσς,
968 1153 1003 1191 ἐν
1025 1150 1053 1203 ᾠ
1073 1154 1134 1192 καὶ
1156 1154 1335 1204 μάντεών

66 1222 164 1246 orm-e
179 1222 215 1246 nv
227 1208 408 1246 παλαιόν.
432 1207 471 1247 L
488 1207 544 1246 XI
548 1208 601 1253 V,
616 1222 651 1260 p.
666 1208 756 1255 642.
778 1206 917 1246 Forte
909 1209 1025 1257 igitur
1041 1207 1126 1260 post
1141 1209 1220 1246 eius
1235 1220 1334 1248 tem-

7 1274 8 1279 *
68 1273 165 1313 pora
183 1260 293 1308 illude
309 1261 434 1299 utalia
448 1262 656 1313 quaedam,
670 1260 897 1300 restitutum.
915 1261 1120 1313 Tanquam
1142 1260 1216 1300 suis
1233 1276 1334 1314 quo-

67 1327 144 1366 que
164 1315 403 1366 temporibus
425 1315 660 1353 celeberrimi
681 1316 761 1353 eius
778 1315 986 1353 meminere
1009 1328 1089 1353 non
1104 1314 1164 1354 hic
1181 1326 1334 1356 tantum

8 1390 9 1394 =
68 1367 1336 1429 Lucianus,sed&PlulostratusV1tApollon.IV‚1‚&Porphy÷

9 1436 10 1463 l
67 1434 165 1468 rius,
180 1422 510 1484 Iamblichulque
502 1435 540 1460 1n
554 1422 740 1461 huiuslib.
754 1423 800 1461 de
814 1421 931 1475 Myst.
944 1421 1115 1474 Aegypt.
1134 1422 1238 1472 §HL
1249 1437 1337 1475 cap.

10 1511 11 1532 ζ
72 1472 487 1527 11,(1ῑ1ιὸιυ’δ“ατος
473 1476 694 1528 χρηματίζε
680 1479 791 1514 ςσ’ἓῑαι
812 1489 861 1515 eo
886 1476 977 1515 loco
993 1478 1121 1515 aiunt:
1143 1479 1336 1531 εἶναιγὰρ

10 1535 11 1539 “
68 1531 1340 1636 323221'12{235352‘355202053‘0‘531202'1355322523?mm.

68 1636 148 1685 bet,
162 1638 229 1688 qui
243 1637 333 1676 illud
348 1649 390 1676 ut
404 1637 445 1676 δι
458 1637 777 1677 Branchidarum
769 1649 807 1675 in
823 1636 983 1675 Mileto
973 1651 1022 1688 ιερ
1026 1653 1058 1677 ov
1072 1636 1142 1676 suo
1157 1646 1337 1692 tempore

11 1727 13 1729 .
70 1703 151 1730 non
168 1690 447 1752 {Zefp'yoec‘uz‘m
461 1692 612 1742 absoluta
630 1691 698 1730 ait:
723 1692 828 1742 quod
845 1690 971 1729 firmat
985 1690 1249 1731 εοηὶεξὶυῖειηῑ
1263 1706 1339 1733 no-

12 1746 13 1777 }
71 1744 208 1790 stram,
228 1745 352 1797 inquit
365 1745 417 1784 Ol
421 1745 555 1792 erarius,
578 1745 642 1797 (ex
655 1757 736 1797 quo
751 1744 821 1783 hae
824 1758 844 1784 c
858 1743 1027 1783 desumta
1044 1746 1090 1783 ad
1103 1745 1272 1786 philostr.
1296 1762 1335 1800 p.

12 1797 13 1833 ἶ
77 1812 160 1847 ¹40
166 1798 182 1851 )
198 1799 243 1838 de
258 1799 468 1838 restaurato
482 1799 556 1838 hoc
571 1798 715 1850 templo
730 1799 848 1850 paulo
863 1797 960 1851 post,
972 1811 1088 1850 quam
1103 1798 1240 1839 Strabo
1255 1800 1340 1840 seris

13 1881 14 1900 i
63 1852 179 1891 ·beret
195 1851 272 1892 sua.
297 1853 408 1892 Plura
423 1854 468 1892 de
485 1852 736 1904 Colophonio
753 1853 828 1891 hoc
849 1852 1012 1891 oraculo
1035 1853 1193 1904 collegit
1204 1854 1336 1895 Schol.

13 1906 15 1934 l
73 1906 272 1958 Apollonii
287 1908 431 1959 Argon
447 1907 482 1952 Ι
502 1921 540 1945 v.
563 1906 650 1959 308.
674 1906 784 1945 Cave
799 1918 940 1952 autem,
954 1905 1042 1957 quia
1055 1905 1173 1945 Clarii
1185 1908 1339 1958 Apolli·-

14 1965 15 1970 ’
73 1962 133 1999 nis
145 1960 346 1999 oraculum
362 1960 472 2000 tuiffe
486 1962 586 2013 apud
603 1961 830 1999 Strabonem
847 1960 868 1998 l
883 1973 915 1999 c.
932 1960 1081 2005 dicitur,
1096 1973 1183 1998 cum
1199 1973 1339 2002 oracu-

73 2013 115 2053 lo
130 2014 264 2053 Clario
278 2014 503 2062 confundas,
517 2015 621 2066 quod
637 2016 724 2053 viro
736 2012 940 2052 clariffimo
955 2012 1074 2052 fraudi
1088 2012 1193 2053 fuiffe
1206 2016 1340 2065 credo,

15 2066 16 2083 ³
75 2081 162 2108 cum
178 2067 472 2119 Colophonium
489 2068 710 2108 oraculum
702 2081 739 2106 1n
750 2068 840 2106 Luc
834 2069 907 2106 ·ani
921 2067 1186 2106 Pleudomanti
1201 2068 1268 2107 fibi
1284 2071 1339 2109 vi-

73 2121 135 2161 sus
149 2122 201 2160 est
213 2121 503 2174 deprehendisse.
528 2122 591 2160 De
605 2121 736 2161 Clario
748 2122 847 2160 enim
869 2122 942 2159 illic
964 2120 1087 2160 sermo
1103 2121 1175 2169 est3
1194 2122 1239 2161 de
1256 2123 1339 2163 Co-

17 2181 18 2201 *
74 2175 267 2229 lophonio
289 2189 338 2215 ne
359 2176 477 2215 hilum
499 2177 649 2227 quidem
674 2176 940 2226 deprehendes.
963 2175 1037 2213 Hic
1056 2176 1181 2222 enim,
1210 2187 1253 2215 ut
1274 2179 1339 2216 vi-

17 2249 18 2269 ;
74 2229 163 2275 des,
178 2228 309 2269 diserte
322 2230 612 2283 distinguuntur.
638 2229 812 2268 Meminit
828 2228 869 2268 δι
883 2229 975 2268 alibi
997 2229 1147 2269 Noster.
1172 2230 1274 2271 Vide
1296 2236 1336 2271 Z.

18 2293 19 2343 i
74 2298 133 2336 τρ.
155 2296 238 2335 cap.
263 2297 322 2336 30.
341 2284 500 2323 SOLAN.

132 2338 212 2375 ibid.
233 2337 389 2390 Ξάνθον)
411 2336 626 2377 Oraculum
640 2336 863 2376 Pataraeum
887 2337 1030 2388 tangit,
1054 2336 1100 2375 de
1121 2349 1205 2388 quo
1225 2338 1343 2390 Virg;

19 2430 20 2443 χ
77 2391 260 2438 Aen-IV,
276 2405 345 2443 143
361 2407 369 2429 2
388 2413 432 2420 -
450 2391 579 2443 Qualis
592 2393 648 2429 uhi
664 2393 829 2429 hibernam
842 2391 1023 2428 LYCIAM
1038 2393 1332 2438 XANTHIQUE

19 2445 21 2475 ἶ
80 2455 291 2482 FLUENTA
316 2444 469 2494 Deserit,
486 2460 527 2483 ac
546 2446 672 2483 Delum
685 2458 866 2483 maternam
882 2445 999 2494 invific
1013 2444 1155 2496 Apollo.
1177 2445 1337 2486 SOLAN.

132 2500 205 2536 ead.
221 2499 243 2536 l.
267 2499 322 2536 16.
335 2498 636 2550 Διασεισαμένη)
650 2498 711 2537 Sic
723 2500 836 2537 etiam
851 2498 904 2536 Η.
918 2509 1006 2535 cum
1023 2509 1110 2536 cett.
1133 2497 1270 2549 Quare
1281 2499 1340 2537 ni-

21 2543 22 2556 *
79 2550 132 2591 hil
145 2552 307 2601 mutavi,
318 2550 385 2591 etsi
396 2552 488 2591 alias
504 2552 675 2594 afflvum
691 2551 834 2592 Nostro
848 2551 1004 2605 aliisque
1016 2551 1148 2605 potius
1161 2551 1344 2607 frequeng
