1956 3444
588 247 686 290 4η
797 231 1660 282 ANNOTATIONES

651 319 729 357 ibid.
744 318 832 359 Τοὺς
846 315 982 359 αὐτοὺς
995 320 1012 373 )
1027 318 1229 359 Τοσούτους
1249 320 1523 361 rescribendum
1539 321 1644 361 iubet
1663 320 1699 361 S.
1713 321 1857 363 Petitus

594 372 638 411 ad
654 372 768 424 Legg.
784 374 864 412 Att.
881 388 914 425 p.
932 388 1000 426 323
1017 373 1093 413 :Ita
1107 387 1146 413 ut
1165 376 1371 425 ἀποκλήρου
1388 372 1527 413 ἕνδεκα
1547 375 1748 415 τοσούτους
1766 376 1854 415 ἑνια-

593 426 690 476 «τέρςι
704 426 776 465 τῶν
795 427 1102 480 ὃνκοῖνβὲηἱῄεεε,
1117 428 1249 468 sortire
1262 429 1438 467 undecim
1451 429 1610 467 totidem
1624 429 1775 481 utrique
1786 430 1854 469 liti.

597 481 696 516 1Vizm
709 480 834 519 iudicia
854 485 1016 520 reddenda
1032 494 1126 520 erant
1141 485 1248 520 eodem
1260 483 1311 520 die
1319 497 1335 529 ‚·
1350 494 1420 520 tum
1438 498 1515 520 vero
1529 483 1596 533 lege
1609 485 1802 529 cavebatur,
1814 499 1855 521 ne

596 533 673 584 quis
686 537 796 573 eadem
818 536 869 573 die
891 538 958 574 duo
974 537 1115 574 redderet
1130 536 1270 574 iudicia.
1287 535 1362 574 Cui
1379 548 1452 588 ego
1474 536 1585 588 plane
1607 535 1797 584 assentior,
1809 548 1855 576 ac

594 586 838 626 rescriberem
850 618 859 634 ‚
874 589 991 628 modo
1005 589 1066 627 vel
1078 602 1179 628 unus
1190 588 1327 628 Codex
1341 590 1549 628 adiuvaret.
1563 589 1711 629 REITz.

653 643 726 679 ead.
741 642 764 680 l.
778 656 815 692 7.
830 643 880 692 Tfi
899 642 1132 695 Ἀκαὲημία)
1150 642 1314 682 Subaudi
1328 642 1556 694 ἓικόιζοντες.
1576 642 1743 683 GUYET.

653 698 725 733 ead.
740 695 763 733 l.
780 695 815 734 8.
828 699 873 734 Τὸ
889 694 987 746 &scay
999 696 1139 749 ἔγχει)
1155 695 1269 735 Conf.
1280 696 1414 735 Abdic.
1432 709 1465 736 c.
1479 696 1502 735 8
1517 695 1542 735 f.
1560 695 1718 736 Some.
1731 696 1858 737 Immo

601 747 642 786 δι
661 761 753 787 mox
772 762 804 788 c.
822 751 869 789 16
887 749 912 788 f.
930 762 1044 803 atque
1063 750 1155 789 alibi
1175 749 1315 802 paffim.
1337 750 1477 789 Rmz.

655 804 727 840 ead.
749 802 773 841 l.
791 817 849 842 12.
875 803 1020 857 Μόγις)
1040 803 1154 842 Μόλις
1179 805 1373 856 antiquius
1389 803 1483 852 effe,
1499 802 1710 855 significatu
1728 813 1861 844 tamen

601 868 683 894 non
701 855 872 903 differre,
886 858 963 896 vid.
980 857 1109 897 Solan.
1127 857 1166 896 δι
1191 857 1337 896 Hemst.
1354 858 1399 896 ad
1414 857 1492 896 Iud.
1505 859 1608 897 Voc.
1629 870 1710 912 cap.
1731 873 1767 906 4.
1781 859 1863 898 Vix

602 908 752 949 differre
773 910 944 962 agnoscit
963 912 1075 950 etiam
1088 910 1246 950 Weffel.
1260 911 1304 949 ad
1319 911 1436 950 Diod.
1451 910 1520 950 Sic.
1540 911 1597 958 ΙΙ,
1616 924 1649 950 c.
1667 926 1729 960 47.
1752 912 1863 951 Con-

602 961 708 1001 fundi
730 976 854 1003 autem
877 964 986 1016 saepe
1008 979 1029 1004 a
1050 964 1198 1012 scribis,
1224 965 1309 1004 hinc
1332 975 1498 1017 apparet.
1514 964 1659 1011 Addat,
1682 965 1746 1004 cui
1769 965 1863 1005 tanti

601 1016 677 1061 est,
699 1016 822 1056 Deor.
844 1018 946 1057 Dial.
962 1018 1058 1066 VII,
1075 1033 1111 1064 1,
1125 1020 1189 1057 ubi
1207 1020 1325 1071 μόγις
1337 1019 1452 1057 edidit
1467 1017 1608 1057 Hemst.
1624 1020 1728 1070 quod
1744 1019 1795 1057 ibi
1813 1019 1864 1058 fic

603 1071 716 1107 etiam
739 1071 792 1110 est
811 1073 847 1110 in
869 1073 921 1111 Η.
939 1073 978 1112 &
1002 1073 1047 1109 P.
1070 1073 1141 1111 Sed
1156 1072 1185 1111 I.
1201 1073 1314 1122 μόλις
1338 1072 1388 1111 ibi
1405 1070 1562 1111 viciffim
1585 1073 1719 1119 habet,
1738 1072 1806 1112 ets1
1824 1074 1865 1112 in

606 1125 786 1163 variantt.
807 1138 885 1164 non
901 1125 953 1164 est
973 1136 1160 1165 notatum.
1181 1126 1321 1165 Rmz.

658 1175 1131 1232 ἱόὶό.”Εστηκα)Ἕστηκεν,
1150 1181 1254 1232 quod
1275 1180 1372 1219 bene
1392 1179 1540 1218 monuit
1560 1191 1677 1231 marg.
1698 1180 1748 1218 A.
1764 1194 1779 1218 1
1805 1183 1862 1218 W.

606 1232 767 1271 omnino
788 1246 924 1272 verum
944 1234 1130 1280 arbitron
1146 1233 1206 1273 sed
1225 1235 1314 1286 quia
1335 1232 1413 1272 sola
1436 1234 1510 1273 hoc
1533 1233 1668 1279 habet,
1691 1233 1865 1273 nondum

603 1285 773 1336 recipere
790 1286 871 1326 sum
890 1287 1012 1326 ausus.
1034 1287 1182 1326 Rzrrz.

660 1341 729 1378 ead.
746 1340 771 1377 l.
788 1353 803 1378 1
814 1355 847 1391 3.
864 1339 1014 1393 Δεινῶν)
1027 1341 1065 1380 Ρ.
1090 1342 1132 1380 L.
1150 1342 1190 1380 δι
1207 1341 1288 1381 edd.
1303 1353 1458 1388 omnes,
1476 1340 1643 1393 exceptis
1660 1341 1714 1380 Η.
1727 1339 1768 1380 δι
1780 1340 1869 1381 Ald.

605 1405 706 1445 quae
722 1394 844 1433 κοινῶν
859 1396 1010 1434 habent.
1024 1395 1180 1434 SOLAN.

663 1449 735 1485 ead.
752 1447 776 1485 l.
797 1448 855 1488 16.
872 1445 1005 1488 odssk
1025 1447 1201 1488 ἐθελήσειέ
1212 1463 1262 1504 γε
1276 1449 1329 1499 τῷ
1343 1447 1485 1499 φανερῷ
1504 1445 1777 1501 συναγορεῦσαι
1793 1448 1869 1487 Μέ-

608 1499 687 1551 Βῆ)
715 1502 823 1539 Nemo
844 1515 924 1542 certe
948 1503 1030 1541 velit
1052 1504 1198 1542 ebrietati
1220 1503 1336 1553 palam
1351 1503 1570 1555 patrocinari.
1599 1503 1698 1540 Puer
1717 1502 1792 1540 vidi
1813 1503 1870 1541 le-

606 1553 771 1605 gendum
795 1555 831 1594 ἐν
845 1556 998 1608 φανερῷ.
1016 1557 1060 1595 Et
1079 1569 1180 1596 nunc
1196 1556 1323 1596 firmat
1339 1556 1407 1595 Ms.
1422 1557 1460 1595 in
1481 1569 1562 1608 quo
1577 1555 1689 1595 οὐθεὶς
1710 1553 1869 1595 ἐθελίνσει

609 1606 700 1659 ἕν’γε
712 1608 765 1656 τῷ
786 1609 928 1659 φανερῷ
944 1609 1213 1664 συναγορεῦσαι
1226 1610 1327 1662 μέθῃ,
1341 1626 1434 1649 nemo
1453 1611 1540 1648 volet
1552 1621 1660 1663 aperte
1670 1610 1868 1662 patrocinaq

609 1663 636 1699 ri
658 1662 814 1700 ebrietati.
836 1663 1009 1703 GRAEV.

665 1715 743 1753 ibid.
758 1716 813 1766 Τῷ
841 1717 1013 1770 φανερῷ)
1032 1718 1107 1757 Pro
1130 1718 1164 1759 ἐν
1181 1717 1234 1768 τῷ
1257 1717 1410 1769 φανερῷ,
1431 1717 1503 1757 Sed
1530 1716 1566 1756 ἐν
1584 1716 1638 1766 τῷ
1657 1715 1800 1768 φανερῷ
1818 1716 1874 1762 lea⁴

610 1769 777 1820 gendum
799 1771 960 1811 videtur.
982 1772 1149 1812 GUYET.

666 1823 747 1862 ibid.
762 1824 831 1876 Ἐν)
843 1825 904 1864 Sic
916 1826 955 1864 P.
970 1826 1104 1873 etiam,
1123 1824 1417 1878 re&e.1mpreffi
1440 1837 1574 1864 omnes
1595 1821 1775 1863 ἑθελῇσειέ
1793 1837 1848 1875 γε
1861 1854 1873 1871 ‚

613 1875 754 1928 absque
769 1878 818 1923 ἐν,
833 1878 1011 1927 absurde,
1032 1881 1122 1932 quia
1142 1879 1310 1932 sequitur
1326 1879 1378 1929 τῷ
1397 1878 1552 1929 φανερῷ.
1576 1878 1797 1917 SOLAN.’Ev
1822 1878 1873 1927 τῷ

614 1930 781 1984 φανερῷ)
794 1932 914 1974 Re&
927 1935 1076 1973 monuit
1088 1933 1237 1986 Guyet.
1250 1946 1415 1986 cumque
1429 1933 1513 1972 libri
1525 1932 1678 1985 quidam
1693 1932 1879 1981 addicant,

613 1983 722 2023 facile
740 1987 876 2038 recepi.
895 1987 1039 2026 Rmz.

672 2040 746 2078 ead.
760 2040 782 2079 l.
798 2053 814 2078 1
823 2054 857 2089 7.
872 2040 1022 2094 Ταῦτα)
1037 2041 1154 2093 Quae
1166 2040 1373 2093 sequuntur
1386 2039 1534 2080 scilicet.
1544 2039 1715 2080 GUYET.
1728 2037 1876 2082 Occur÷

617 2103 676 2132 ret
690 2092 740 2131 fic
755 2093 881 2133 rursus
896 2094 997 2133 Dial.
1016 2094 1090 2147 seq.
1106 2108 1139 2134 c.
1157 2109 1171 2133 1
1182 2110 1202 2133 2
1220 2108 1275 2147 pr.
1292 2106 1408 2147 atque
1424 2094 1524 2133 alibi.
1537 2094 1681 2133 Rmz.

671 2147 762 2197 Pag.
777 2148 839 2200 69.
851 2149 873 2186 l.
889 2164 926 2196 4.
941 2146 1061 2201 Αὕτη)
1078 2148 1116 2187 Ἡ
1135 2148 1365 2197 'Amasim-[oe.
1388 2147 1557 2188 GUYET.

673 2203 747 2239 ead.
764 2201 786 2238 l.
809 2215 844 2254 9.
864 2203 910 2240 Τό
924 2217 973 2254 γε
987 2201 1041 2241 νῦν
1059 2202 1151 2254 ῥέον)
1171 2202 1199 2241 Ι.
1214 2215 1245 2241 e.
1261 2199 1369 2253 issae.
1384 2202 1439 2240 Illi
1455 2202 1637 2252 num-fluit
1656 2215 1746 2254 aqua
1766 2200 1874 2255 (scil.

615 2252 881 2307 clepsydrae.)
903 2257 1088 2295 KUSTER.
1103 2256 1337 2295 Vertebatur
1360 2256 1395 2293 in
1418 2255 1658 2303 Gmeviana,
1679 2269 1764 2307 quae
1788 2271 1877 2295 nunt

616 2308 702 2359 fluit
718 2309 837 2348 oratio.
854 2308 896 2348 In
915 2309 1023 2349 Paris.
1044 2311 1082 2349 id
1095 2313 1186 2363 quod
1203 2325 1291 2349 nunc
1311 2310 1443 2348 dicitur.
1464 2308 1534 2348 Sed
1550 2306 1646 2360 issa?
1666 2310 1877 2360 intelligen-

619 2361 709 2400 dum
732 2362 912 2415 relinqui,
928 2364 1028 2403 reeIe
1043 2364 1191 2403 monuit
1207 2364 1247 2402 L.
1262 2364 1342 2402 Bos
1363 2364 1410 2403 de
1428 2362 1550 2416 Ellips.
1567 2376 1604 2416 p.
1625 2364 1696 2415 176
1717 2363 1773 2402 ed.
1790 2362 1878 2402 Fra-

619 2427 708 2467 neq.
723 2416 878 2456 Monuit
893 2418 988 2457 idem
1004 2417 1357 2468 Guyetus.RE1Tz.

678 2472 751 2507 cad.
766 2471 789 2508 l,
807 2484 865 2509 10.
877 2471 1124 2523 ’Avspa‘wrosov
1136 2494 1180 2502 —
1196 2470 1332 2523 εὔνουν)
1344 2471 1399 2510 Ita
1412 2471 1450 2509 in
1466 2469 1579 2523 Epist.
1593 2470 1641 2509 ad
1659 2467 1789 2521 Ephes.
1804 2468 1878 2514 VI,

621 2523 757 2573 ‚7‚.,v.sr'
773 2519 909 2566 εὖνοίας
926 2525 1172 2567 senefia-ares.
1193 2525 1270 2566 Ubi
1293 2526 1364 2566 Iac.
1386 2523 1526 2566 Esther.
1541 2525 1643 2565 bene·
1656 2533 1807 2572 monet,
1822 2521 1879 2567 eiv'f
