1956 3444
619 256 723 315 486
801 252 1707 301 VANNOTATIONES

625 355 741 388 vero,
752 343 946 394 μεγάλοις
958 345 1189 397 γράμμασιν
1210 344 1563 397 ἀναγεγραμμένοι,
1580 354 1624 388 ut
1639 344 1800 385 omnino
1811 345 1901 385 scri-

627 396 792 434 bendum
811 398 873 434 est.
905 397 1079 436 GRAEV.
1111 398 1247 436 Parum
1269 398 1390 444 abest,
1413 400 1504 449 quin
1517 409 1700 437 monente
1712 398 1900 448 Graevio‚

627 461 674 488 ac
686 462 895 500 praeeunte
909 451 980 490 ΜΓ.
1003 452 1091 490 illud
1106 449 1191 498 ‘ciue
1203 453 1355 490 eiiciam
1371 465 1392 490 e
1411 462 1595 490 contextu
1608 481 1619 498 ‚
1637 452 1741 503 quod
1754 466 1776 492 e
1789 465 1898 492 com-

627 504 772 555 pendio
788 503 855 542 τοῦ
869 504 938 543 ἀνα
949 527 990 535 -—
1011 517 1141 543 natum
1160 506 1325 549 videtur,
1341 506 1392 543 ita
1406 517 1447 544 ut
1464 507 1571 556 prior
1582 506 1763 545 aberrans
1775 506 1897 545 scriba

631 556 719 606 ἅμα
733 571 974 610 ’γεγραμμ-
986 559 1142 604 dederit,
1152 559 1257 610 quod
1265 559 1367 604 dein,
1378 572 1465 598 cum
1480 561 1517 597 in
1528 559 1605 598 aliis
1617 559 1900 612 exemplaribus

629 612 856 664 ἀναγεγρ-
872 612 1123 659 inveniretur,
1136 626 1213 652 una
1226 626 1313 651 cum
1330 613 1395 651 illo
1408 612 1601 651 servatum
1621 611 1684 651 est.
1710 613 1857 653 REITz.

683 669 758 703 eaa'.
770 668 793 702 l.
809 679 843 715 9.
860 668 1074 718 Σοφισταὶ)
1091 666 1192 705 Cum
1206 677 1283 704 tam
1299 667 1436 706 crebro
1454 666 1521 705 fiat
1535 665 1796 717 Sophistarum
1814 667 1900 718 phi-

629 719 961 771 losophorumque
982 721 1149 767 mentio,
1172 720 1402 759 noninutile
1415 719 1529 759 fuerit
1541 733 1677 759 eorum
1699 721 1899 760 discrimen

630 773 835 824 explicare,
855 773 968 825 idque
977 788 1021 812 ex
1035 774 1194 812 Platone
1210 773 1458 826 potissimum,
1476 775 1538 826 qui
1551 772 1763 826 Sophistam
1775 775 1832 814 his
1843 773 1901 814 fe-

631 839 674 866 re
684 827 881 866 coloribus
894 828 1073 879 depingit.
1093 841 1136 866 ut
1150 827 1193 866 fit
1206 840 1363 874 avarus,
1373 828 1610 874 ambitiosus,
1622 841 1761 874 vanus,
1771 829 1812 868 δι
1826 829 1901 867 vir.

630 882 726 919 tutis
739 893 888 932 expers,
902 883 938 920 in
954 882 1065 933 nugis
1080 894 1305 932 occupatus,
1316 895 1360 921 ac
1373 894 1572 932 propterea
1585 893 1666 920 tum
1682 881 1899 934 fugiendus,

630 947 714 973 tum
729 937 1052 975 contemnendus:
1078 947 1213 973 contra
1234 935 1480 988 philosophus
1499 934 1689 974 summum
1712 950 1758 975 ac
1773 949 1899 988 prope

630 989 791 1028 unicum
805 989 975 1027 veritatis
986 989 1144 1028 studium
1160 989 1291 1037 habet,
1305 1000 1431 1028 cetera
1446 990 1576 1028 omnia
1591 989 1653 1027 vel
1665 990 1816 1029 leviora
1829 991 1900 1029 du-

633 1043 684 1081 cit
699 1043 762 1080 vel
773 1043 1008 1089 contemnit,
1027 1043 1230 1096 probitatis
1243 1044 1280 1082 &
1298 1043 1501 1095 sapientiae
1521 1042 1697 1096 magister
1719 1044 1760 1083 &
1771 1057 1900 1083 exem-

629 1096 750 1149 plum.
777 1095 926 1135 COGN.

686 1151 764 1188 ibid.
778 1150 999 1201 Φιλόσοφοι)
1011 1149 1166 1189 Solonis
1182 1161 1305 1190 aetate
1321 1151 1493 1190 nondum
1508 1151 1714 1190 inventum
1728 1161 1811 1190 erat
1819 1151 1900 1202 phi-

631 1203 762 1256 lofhphi
784 1216 939 1245 nomen.
966 1204 1045 1244 Res
1067 1206 1199 1244 notior
1219 1203 1272 1244 est
1286 1234 1296 1250 ‚
1326 1218 1441 1257 quam
1467 1216 1510 1244 ut
1532 1205 1671 1244 diutius
1699 1206 1897 1253 immoren

630 1257 790 1297 SOLAN.

688 1315 761 1349 ead.
778 1313 800 1350 l.
821 1325 834 1349 1
846 1325 878 1350 1.
893 1317 1043 1361 Κωμ.-
1061 1312 1200 1366 τραγ.)
1220 1311 1339 1364 Atqui
1356 1313 1513 1351 minime
1524 1312 1711 1365 probabat
1721 1313 1899 1364 Tragoe-

632 1366 703 1404 dos
725 1366 868 1412 Solon,
890 1368 954 1418 qui
976 1367 1142 1419 Thespin
1163 1368 1249 1405 {deo
1272 1379 1383 1418 agere
1404 1367 1447 1406 &
1467 1368 1608 1406 docere
1629 1368 1767 1406 vetuit.
1798 1368 1898 1406 Vide

632 1418 752 1472 Diog.
769 1420 895 1459 Laert.
908 1435 943 1472 p.
965 1434 1006 1471 15
1023 1421 1071 1459 A.
1090 1420 1129 1459 δι
1142 1420 1239 1459 Plut.
1252 1419 1419 1460 Cautum
1433 1420 1724 1460 etiam-Athenis
1736 1421 1820 1474 lege
1831 1420 1899 1468 est,

631 1486 681 1512 ne
693 1473 776 1525 quis
788 1475 1022 1526 Areopagi-ta
1037 1474 1292 1513 Comoediam
1306 1474 1482 1514 scriberet
1493 1490 1504 1521 3
1520 1475 1616 1513 idem
1631 1474 1726 1514 Plut.
1738 1476 1784 1513 de
1796 1474 1894 1527 glor.

632 1528 776 1567 Athen.
811 1527 940 1566 Exstat
963 1528 1129 1566 Aristidis
1151 1528 1278 1567 oratio
1302 1532 1340 1566 de
1362 1544 1428 1567 non
1454 1530 1591 1581 agendis
1619 1530 1814 1568 Comoediis.
1841 1529 1897 1568 At

632 1581 801 1632 Gorgias
813 1582 919 1619 aliter
932 1581 1133 1628 sentiebat3
1154 1583 1229 1621 vid.
1242 1580 1336 1620 Plut.
1350 1583 1395 1621 de
1410 1585 1493 1621 aud.
1508 1582 1612 1620 Poet.
1638 1583 1745 1622 Haec
1759 1582 1839 1621 fere
1849 1595 1898 1621 ex

631 1635 803 1687 Menagii
824 1635 870 1673 ad
891 1633 1009 1688 Diog.
1031 1636 1143 1674 notis.
1168 1635 1436 1687 Antiquissima
1454 1637 1553 1688 apud
1572 1635 1824 1676 Athenienses
1840 1637 1898 1676 in-

630 1700 817 1728 ventores
829 1689 1056 1740 Tragoedia.
1072 1689 1162 1728 Plat.
1175 1703 1225 1738 47
1238 1688 1328 1728 CD.
1348 1690 1506 1729 SOLAN.

689 1742 780 1793 Pag.
800 1757 812 1780 1
822 1743 865 1781 81
877 1772 883 1780 .
897 1744 920 1781 l.
935 1746 968 1781 6.
979 1747 1093 1792 Kpn‘tvn
1106 1766 1150 1772 -—
1165 1743 1357 1796 κεχᾈνότοι
1371 1743 1639 1798 παμμέγεθες)
1654 1743 1770 1784 Conf-
1781 1743 1896 1797 supra

630 1796 788 1849 Quom.
803 1796 898 1835 Hist.
914 1810 946 1836 c.
962 1811 997 1844 4.
1015 1797 1172 1836 SOLAN.

686 1850 780 1901 Pag.
805 1850 885 1889 182.
902 1851 925 1889 l.
942 1850 1137 1903 1.“ῐίἰσεις)
1153 1850 1213 1890 Cf.
1229 1850 1338 1904 supra
1356 1850 1506 1904 Quom.
1521 1851 1616 1891 Hist.
1633 1864 1664 1891 c.
1685 1865 1715 1891 ι.
1736 1852 1896 1892 SOLAN.

685 1907 762 1943 ead.
777 1904 800 1942 l.
819 1918 875 1953 14.
890 1905 1099 1957 si‘yvoewo)
1125 1906 1198 1944 Hic
1220 1917 1323 1944 certe
1343 1907 1477 1945 eodem
1496 1907 1602 1950 redit,
1615 1908 1792 1959 ’γίγνοιτο
1805 1919 1895 1945 cum

632 1959 703 1997 W.
720 1958 836 2009 legas,
849 1971 896 1997 an
909 1960 1112 2011 γίγνοιντο.
1133 1958 1248 1998 Conf.
1260 1958 1370 2011 supra
1383 1962 1427 1998 ad
1440 1959 1503 1998 fin.
1518 1973 1550 1998 c.
1567 1973 1617 1998 20
1627 1959 1734 1999 dieta.
1756 1959 1895 2012 Quare

632 2013 674 2052 ἃ
690 2012 750 2051 hic
764 2012 998 2052 constantem
1010 2013 1091 2052 edd.
1104 2013 1305 2052 lthionem
1320 2026 1398 2052 non
1413 2024 1534 2053 muto.
1552 2014 1698 2052 RErrz.

686 2067 777 2118 Pag.
794 2065 880 2119 183.
894 2067 919 2105 l.
939 2079 995 2106 10.
1006 2067 1309 2121 Συνιένευκὸτες)
1334 2067 1390 2106 Ita
1404 2068 1504 2107 re&e
1524 2069 1594 2107 W.
1610 2066 1724 2107 solus.
1739 2066 1894 2120 Reliqui

629 2119 813 2159 mendose
827 2120 1099 2162 συνενευκότες,
1122 2122 1280 2162 SOLAN.

685 2176 758 2212 ead.
770 2175 793 2212 l.
809 2188 867 2222 14.
883 2169 960 2212 Οὐκ
973 2175 1118 2225 ἀχρεῖοι
1129 2174 1214 2213 οῦδὲ
1225 2169 1323 2214 οὗτοι
1338 2174 1632 2228 ἐκμελετῶντες)
1645 2174 1786 2214 sustuli
1800 2188 1896 2227 pun·

628 2229 760 2272 «stum,
781 2228 886 2279 quod
911 2228 947 2265 in
965 2229 1045 2267 edd.
1071 2229 1283 2274 nonnullis,
1305 2240 1421 2280 atque
1443 2230 1480 2267 in
1502 2229 1741 2268 vet-sionibus
1763 2229 1894 2280 priscis

628 2284 760 2322 aderat
779 2293 868 2320 ante
881 2277 944 2320 οὖν.
955 2313 967 2329 ‚
983 2281 1090 2334 quafi
1105 2281 1295 2334 separatus
1305 2282 1395 2321 esset
1409 2282 1554 2329 sensu53
1571 2283 1610 2322 δε
1627 2284 1893 2323 nominativus

628 2337 727 2376 adeo
738 2334 949 2377 absolutus,
970 2337 1034 2387 qui
1052 2336 1140 2381 iam,
1155 2347 1196 2375 ut
1213 2335 1403 2376 Gesnerus
1417 2350 1575 2389 quoque
1588 2335 1731 2382 voluit,
1749 2350 1771 2375 a
1786 2350 1893 2389 prae-

628 2389 745 2430 miffis
759 2390 909 2442 pendet.
933 2388 997 2429 De
1018 2391 1262 2429 nominativo
1286 2391 1350 2429 illo
1371 2391 1548 2430 absoluto
1566 2390 1651 2429 alibi
1666 2403 1842 2443 agemus,
1865 2389 1893 2429 fi

627 2443 721 2483 ‘usus
735 2443 1005 2494 postulaverit,
1017 2445 1122 2496 quod
1135 2444 1253 2482 Index
1270 2444 1594 2485 commonstrabit.
1615 2444 1702 2496 Qui
1718 2458 1814 2483 vero
1828 2457 1894 2496 pe·

628 2498 782 2537 riodum
800 2497 898 2536 hanc
914 2497 1120 2549 separatam
1145 2499 1306 2543 volunt,
1330 2498 1482 2551 possunt
1504 2499 1716 2551 intelligere
1730 2498 1893 2537 verbum

627 2551 725 2599 εἰσ),
752 2550 798 2590 de
815 2551 923 2590 cuius
944 2551 1245 2606 frequentiffima
1269 2553 1385 2606 cnipfi
1411 2555 1484 2593 vid.
1505 2553 1546 2596 L,
1561 2553 1664 2600 Bos,
1683 2551 1894 2593 &Aretaei
