1956 3444
773 110 780 132 t

348 266 429 317 IN
462 266 560 316 DE
594 266 1014 317 PARASITO.
1227 277 1324 335 449·

66 374 69 376 ’
111 364 183 404 ead.
199 364 222 403 l.
237 375 273 417 9.
293 364 406 403 Κατὲι
419 362 645 415 Σωκράτην)
669 362 759 401 Plat.
774 359 869 401 Ione
886 374 956 413 145
975 361 1019 401 B.
1034 359 1081 401 C.
1094 358 1146 400 D.
1166 360 1325 401 SOLAN.

59 416 114 458 Ut
126 420 180 458 Fl.
198 419 258 457 hic
273 419 450 469 Σωκράτη
463 447 472 463 ,
492 419 541 456 ita
555 416 684 455 eadem
708 409 929 466 supra’'Apn‚
944 414 1045 455 Gall.
1060 430 1094 467 3,
1106 425 1222 467 atque
1235 415 1326 454 alibi

59 485 140 510 non
158 471 430 524 infrequenter.
455 470 525 510 Sed
541 483 626 510 cum
646 469 831 521 plurimae
846 483 861 507 ν
877 469 1013 507 addant
1027 468 1088 507 hic
1103 469 1142 507 δι
1156 469 1267 515 alibi,
1282 469 1326 508 δε

87 526 213 564 erinde
225 524 270 564 sit
284 555 294 570 ‚
316 525 409 563 nihil
432 525 589 564 mutavi.
617 522 736 575 Diog.
752 522 873 561 Laert.
889 522 1066 571 Σωκράτη
1083 521 1260 574 praefert,
1274 523 1326 562 T.

58 538 94 625 ξ,
110 579 149 616 L.
166 592 202 627 2,
218 592 253 631 p.
271 578 360 624 106,
379 591 394 617 1
407 591 468 630 13,
489 583 575 624 114,
595 591 609 615 1
623 590 667 627 17
683 579 755 615 &c.
771 575 841 614 Sed
857 574 1113 627 Ἀριστοφάνην
1127 590 1162 626 p.
1183 589 1267 629 103,
1283 576 1325 616 &

61 632 111 671 T.
128 630 186 679 11,
228 662 235 669 .
257 632 327 684 585
348 633 422 672 διε.
440 630 639 680 Σωκράτην
655 631 767 670 etiam
788 629 862 667 ibid
890 643 926 681 p.
947 628 1029 680 586.
1047 629 1191 667 Rmz.

114 686 188 723 ead.
199 645 231 723 ιὶ).
255 699 268 723 1
282 699 312 736 5.
334 682 433 724 Αὐτὴ
447 684 511 736 δὲ)
540 685 590 723 Ut
605 683 714 736 supra
726 696 810 733 cap.
830 695 872 731 17
887 677 980 721 αὕτη
997 684 1032 720 in
1049 678 1145 721 αὕτη
1160 683 1326 722 mutavi·=

60 749 160 786 mus,
173 738 223 777 ita
239 738 277 777 δι
291 737 353 778 hic
366 739 504 777 dixeris
515 736 742 776 faciendum.
759 735 830 774 Sed
846 736 933 787 quia
947 734 1093 773 ταύτης
1107 737 1178 774 iam
1193 738 1326 788 proxi-

61 803 124 831 me
138 790 356 844 praeceffit‚
378 804 456 830 non
479 791 576 830 male
596 791 654 829 hic
667 786 764 829 αὕτη
787 788 970 842 sequitur,
990 799 1033 828 ut
1047 787 1111 837 sit,
1135 790 1209 842 ipssa
1223 805 1300 829 vero
1307 803 1326 837 ,-

60 857 135 885 nec
150 858 249 897 opus
269 845 383 885 credo
399 845 456 884 bis
470 846 552 884 lmec
563 845 645 884 dici.
669 844 812 883 RErrz.

119 899 209 950 Pag.
228 913 243 937 1
255 912 314 937 20.
326 899 348 936 l.
368 912 400 936 1.
417 899 461 937 Τί
474 897 519 937 δὲ
536 892 612 950 οὐχ
627 897 656 936 οἱ
670 897 747 948 τὰ)
772 894 963 935 Vitiosum
980 895 1140 935 habetur
1157 895 1203 934 ab
1220 894 1326 936 Rhe-

11 972 16 975 ·
58 952 232 998 toribus,
250 953 359 990 nimis
372 953 491 991 multa
504 951 773 1002 monosyllaba
788 951 1038 1001 coniungere.
1056 951 1108 988 At
1125 949 1246 988 statim
1263 949 1327 989 vel

58 1006 125 1044 sex
157 1005 380 1058 sequuntur.
417 1006 475 1044 Ac
502 1006 671 1057 pluribus
696 1003 941 1052 scriptoribus
973 1003 1075 1042 haud
1107 1003 1327 1055 infrequens

57 1061 232 1111 quinque
246 1059 435 1098 interdum
451 1059 491 1097 &
508 1060 616 1111 plura
636 1057 904 1108 monosyllaba
923 1057 1092 1108 iungere.
1111 1055 1170 1097 Sic
1188 1057 1325 1096 Noster

59 1125 154 1152 mox
167 1126 250 1166 cap.
267 1113 331 1159 28,
347 1113 411 1150 καὶ
423 1113 495 1162 μὴν
511 1113 572 1150 ναὶ
589 1114 751 1161 τᾶςμὲν,
762 1112 826 1150 ubi
844 1111 952 1162 plura
966 1111 1080 1156 dabo,
1093 1112 1184 1163 quia
1196 1111 1248 1149 ibi
1262 1124 1324 1149 ηε·

59 1165 208 1206 ceffitas
229 1167 413 1219 quaedam
436 1168 474 1204 in
498 1167 590 1205 haec
612 1166 813 1217 inquirere.
839 1163 1084 1214 Aesop.Fab.
1108 1179 1179 1216 149
1195 1164 1255 1202 vel
1275 1164 1327 1203 se<

57 1232 163 1273 ptem
175 1220 312 1273 iungit,
327 1219 582 1270 Συνατώτερὸς
592 1233 664 1266 μου
683 1215 726 1257 εἶ.
741 1221 770 1256 εἰ
783 1217 907 1267 seur),
923 1218 964 1256 τί
978 1218 1036 1256 σοί
1049 1218 1165 1257 ἐστιν.
1181 1218 1326 1257 REITz.

115 1276 187 1312 ead.
200 1275 222 1312 l.
243 1288 281 1322 4.
301 1274 514 1326 Ἀλλότρια)
531 1272 672 1313 Athen.
685 1271 749 1311 lib.
769 1285 798 1312 1.
823 1272 865 1311 ln
885 1285 966 1324 quo
981 1273 1100 1311 multa
1113 1271 1198 1311 sunt
1215 1272 1328 1311 huius

43 1325 232 1380 *Dialogh
256 1328 429 1367 Eoum).

115 1384 188 1419 ead.
206 1382 230 1420 l.
246 1383 280 1420 6.
298 1382 367 1419 Καὶ
380 1380 471 1433 μὴν)
492 1381 595 1420 Ante
615 1380 709 1419 haec
724 1379 844 1419 verba
865 1378 993 1430 incipit
1006 1378 1116 1432 loqui
1129 1378 1328 1420 Parafitus.

57 1434 179 1477 ‘Aliud
195 1446 323 1474 tamen
339 1433 490 1474 secutus
504 1434 556 1473 est
568 1435 766 1486 interpres.
791 1434 963 1472 BOURD.

0 1520 1 1526 ,
121 1489 206 1541 Pag.
226 1502 241 1527 1
251 1503 271 1527 2
282 1503 312 1527 1.
327 1488 352 1527 l.
374 1503 405 1539 5.
427 1487 754 1538 Κακοπαθεῦντες)
768 1485 831 1526 De
847 1485 1008 1525 molesto
1021 1499 1065 1526 ac
1077 1485 1176 1526 duro
1194 1486 1328 1526 labore

0 1579 2 1582 ,
61 1545 299 1582 translatum.
311 1542 368 1581 Ita
382 1543 427 1582 de
442 1555 561 1594 opere
574 1541 713 1581 rustico
728 1541 843 1580 Diod.
857 1540 928 1580 Sic.
943 1540 1016 1588 IV,
1029 1553 1062 1580 c.
1077 1554 1126 1580 20
1139 1539 1163 1580 f.
1182 1540 1246 1580 De
1258 1554 1329 1594 pu·

1 1597 3 1606 ¹
64 1596 270 1650 gnantibus
283 1595 403 1636 Gallis
414 1596 558 1635 Aelian.
574 1595 635 1640 II,
656 1595 716 1634 28.
735 1595 885 1634 REITz.

2 1646 3 1652 ¹
117 1652 190 1689 ead.
206 1651 229 1688 l.
248 1664 262 1688 1
274 1663 288 1687 1
297 1649 506 1702 .'Avi‘tp0¹roe)
525 1650 628 1688 Ante
642 1651 686 1688 B.
697 1661 832 1688 ornnes
843 1647 923 1688 edd.
935 1644 1120 1700 ἐινῖτρωτα,
1132 1656 1331 1701 corrupte.

60 1703 151 1746 yid.
168 1704 329 1743 Homer.
345 1702 418 1742 Od.
438 1709 470 1748 Ι,
497 1702 579 1742 108.
601 1701 757 1741 SOLAN.
989 1700 991 1703 ’

116 1758 210 1808 Pag.
228 1770 242 1794 1
253 1770 313 1796 22.
331 1758 354 1796 l.
369 1771 406 1810 9.
428 1753 495 1797 Τήν
510 1771 552 1795 τε
570 1755 773 1807 ῥητορικὴν,
786 1754 850 1794 καὶ
864 1754 926 1795 τὴν
940 1755 1177 1804 φιλοσοφίαν,
1200 1754 1248 1794 ἃς
1260 1755 1330 1795 διὰ.

64 1809 343 1864 γενναιότητα)
367 1810 436 1850 Τήν
452 1825 496 1850 τε
513 1810 699 1863 ῥητορικὴν
726 1810 786 1848 καὶ
802 1811 867 1848 τὴν
889 1810 1110 1859 φιλοσοφίαν
1129 1809 1331 1863 μςγίσταῖ

65 1877 108 1903 τε
124 1865 188 1904 καὶ
203 1865 420 1904 καλλίστας
435 1861 525 1904 εἶναι
536 1895 547 1911 ,
573 1863 619 1902 ἃς
633 1863 702 1902 st&
714 1879 756 1916 γ.
781 1863 840 1901 Sic
855 1862 970 1914 paulo
984 1874 1071 1901 ante
1082 1892 1096 1908 ,
1118 1862 1174 1902 ὅτι
1192 1878 1242 1915 γε
1257 1863 1332 1914 μὴν

65 1917 138 1957 τῶν
148 1918 344 1972 μεγίστων
357 1918 420 1957 καὶ
434 1917 648 1956 καλλίστων
662 1916 812 1968 τεχνῶν
822 1915 1008 1967 διαφέρει.
1030 1916 1221 1955 MARCIL.

118 1974 227 2011 ead.l.
243 1986 300 2024 13.
317 1971 537 2024 Ναυσικάα)
560 1972 720 2010 Homer.
743 1968 943 2020 OdyffiZ,
961 1982 1043 2008 101.
1067 1969 1226 2010 SOLAN.

117 2028 190 2065 ead.
206 2027 229 2064 l.
251 2026 309 2064 16.
324 2027 437 2064 Κατὰ
449 2025 513 2065 την
531 2022 763 2077 ὑπόστασιν)
778 2024 879 2068 Erat,
893 2036 980 2063 cum
994 2024 1068 2061 hoc
1083 2025 1237 2063 nomine
1251 2038 1334 2065 cer.

64 2088 142 2118 tam
160 2080 198 2118 δι
215 2078 451 2118 constantem
473 2080 657 2117 rationem
682 2079 835 2130 intelligi
862 2089 1060 2129 putarem3
1088 2089 1159 2116 nec
1183 2078 1333 2129 deerat,

68 2133 171 2172 unde
186 2133 284 2172 illam
298 2132 489 2172 firmarem
504 2132 740 2172 sententiam.
766 2132 838 2171 Sed
859 2142 944 2170 toto
968 2131 1041 2169 hoc
1060 2130 1172 2178 loco,
1194 2133 1233 2171 ὅ(
1252 2134 1332 2180 his,

65 2200 166 2240 quae
182 2186 411 2238 sequuntur,
435 2187 647 2239 diligentius
671 2187 807 2225 iterum
832 2184 1099 2229 consideratis,
1125 2187 1334 2237 apparebat

68 2240 183 2288 mihi,
203 2239 425 2280 sumendum
444 2240 517 2279 esse
530 2253 670 2279 nomen
687 2253 729 2279 ea
746 2239 824 2292 ipsa
841 2240 1000 2277 notione
1012 2268 1023 2283 ‚
1044 2251 1143 2289 quae
1155 2238 1334 2280 solemnis

65 2294 175 2346 quast
185 2293 224 2333 δι
235 2295 390 2347 propria
402 2293 474 2342 est,
486 2307 586 2346 quae
601 2289 764 2345 ὕπαρξιν
777 2303 902 2339 notat,
914 2291 939 2330 s.
954 2304 1053 2337 eam,
1068 2306 1181 2344 quam
1196 2306 1332 2333 recen-

67 2349 187 2386 tiores
202 2347 355 2387 scholae
373 2348 576 2400 existentiam
595 2349 719 2386 dicere
734 2346 856 2386 solent
868 2378 878 2393 ,
891 2345 1111 2399 substantiam
1131 2347 1334 2397 aliquoties

67 2401 226 2440 vocavit
237 2401 395 2440 Fabius:
411 2414 481 2441 nos
493 2403 657 2441 circuitu
671 2401 871 2440 maluimus
882 2401 936 2438 uti
948 2400 994 2437 ad
1007 2399 1228 2438 claritatem.
1241 2402 1334 2441 Vid.

68 2454 115 2493 de
128 2454 196 2494 hac
209 2451 456 2493 ὑποστάσεως
472 2457 635 2495 notione
655 2455 792 2495 Sextus
803 2453 946 2507 Empir.
969 2452 1089 2492 Math.
1107 2451 1226 2504 VIII,
1245 2454 1334 2501 186,

69 2508 111 2548 &
130 2509 178 2547 ibi
192 2508 340 2546 fabric.
360 2507 491 2548 GESN.

123 2564 214 2614 Pag.
233 2575 246 2600 1
257 2575 317 2615 23.
329 2562 352 2599 l.
371 2573 426 2601 ιο.
441 2563 716 2617 Τεκμαίρεσίταε
733 2562 750 2616 )
777 2561 950 2612 Undefit,
967 2572 1007 2601 ut
1020 2561 1109 2599 nihil
1117 2572 1248 2614 praeter
1261 2561 1335 2613 oph

151 2616 296 2656 Lucian.
323 2617 403 2656 Vol.
424 2616 504 2656 VII.
1030 2612 1058 2653 F
1073 2612 1092 2653 f
