1956 3444
357 273 437 317 IN
473 270 570 318 DE
606 270 1026 318 PARASITO.
1234 287 1322 330 441

116 359 189 397 ead.
206 359 229 398 I.
249 371 262 396 1
274 359 397 407 1.'¹Or,
412 358 496 401 οὖὸὲ
513 359 555 412 ζῇ
558 375 572 400 ν
587 359 681 413 &c.)
697 359 917 399 Leffionem
936 357 1178 398 Florentinae
1191 360 1333 410 vulga-

62 420 102 449 ta
114 413 308 452 meliorem
324 415 491 453 arbitror
504 429 515 462 3
537 413 597 453 sed
612 414 760 452 mallem
775 424 857 452 tum
870 413 982 452 etiam
997 412 1086 451 illud
1103 411 1138 451 ’ὂν
1153 413 1237 466 post
1250 414 1331 461 βίῳ,

63 467 169 516 quod
188 466 247 505 illa
260 480 346 506 cum
361 469 497 508 ceteris
510 468 633 507 servat
643 497 654 515 ,
669 468 810 513 omitti,
823 478 865 506 ut
877 466 978 506 recte
992 478 1099 504 notat
1112 479 1229 518 marg.
1244 469 1293 505 A.
1308 480 1326 504 ι

71 522 126 556 IV.
145 532 227 570 quo
247 519 428 561 sententia
447 521 643 571 parasitica
658 521 717 566 sit,
742 518 846 560 οὐθὲν
869 517 1159 572 εὐχρηστότερον
1179 521 1329 572 εὑρίσκω

65 571 100 610 ἐν
113 571 165 621 τῷ
177 573 254 622 βίῳ,
271 570 316 613 τ’ἱῖν
339 575 427 614 ἄνευ
451 572 536 615 οὐδὲ
557 574 617 626 ζῇν
642 575 739 614 ἐστι.
763 574 866 613 Nihil
880 575 1030 612 interim
1045 575 1214 620 mutavi,
1237 574 1330 626 quia

64 625 219 677 vulgata
239 628 374 667 eodem
390 629 501 676 redit;
522 627 582 668 sed
598 629 713 667 altera
727 628 779 667 est
791 628 1030 667 concinnior.
1054 627 1203 666 Rmrz.

118 680 209 733 Pag.
229 695 315 734 109.
336 684 358 720 l.
378 697 412 735 3.
438 682 602 733 Δύναμιν
626 681 802 734 sarava)
829 682 977 732 Nempe
1003 681 1060 718 hic
1083 690 1261 719 removet
1282 681 1329 718 τὶ

0 765 1 783 ἶ
62 733 300 783 τεχνοειὲὲς,
313 736 438 787 qualis
451 735 504 775 est
520 735 740 775 animalium
752 735 915 774 sollertia
929 736 966 773 in
978 734 1080 773 victu
1093 734 1328 786 quaerendo,

0 789 1 802 ³
62 784 245 826 struendis
261 790 355 828 nidis
369 793 442 829 ὄις.
468 801 510 829 ut
533 790 648 841 paulo
665 789 748 841 post
763 788 966 841 ἀτεχνίαν.
983 787 1174 839 Vulgavit
1197 787 1331 827 Fabri·

64 840 147 879 cius
168 842 213 880 ad
236 841 338 881 Sexti
361 843 501 894 Empir.
524 844 609 882 adV.
629 842 764 883 Gram.
780 842 796 881 I
813 874 824 890 ‚
847 856 915 893 75,
937 841 1069 880 locum
1094 842 1289 894 egregium
1304 853 1328 879 e

62 892 225 933 Scholiis
241 896 385 936 ineditis
399 898 443 935 ad
460 896 695 948 Dionysium
712 897 919 943 Thracem,
940 896 1004 934 ubi
1020 896 1219 934 occasione
1235 892 1330 933 eius-

0 959 2 963 ’
63 947 148 986 dem
163 948 390 989 definitionis
402 952 493 989 artis
503 952 742 1003 explicantur
757 951 796 989 δι
811 950 858 989 ab
871 962 916 988 ea
935 948 1215 1001 distinguuntur
1231 962 1332 1001 τεχ-

2 1034 3 1039 ,
63 1000 217 1050 westser,
239 1001 479 1056 ἧμιτὲχνιον,
500 1005 769 1057 μικροτεχνία,
785 1018 819 1043 κ.
830 1018 869 1044 τ.
883 1015 919 1042 λ.
936 1004 977 1044 &
992 1003 1142 1043 tandem
1155 1002 1269 1042 etlam
1285 1017 1333 1044 v:

62 1056 218 1107 τεχνίιι.
238 1057 367 1097 ΟΕΞΝ.
822 1083 825 1085 >

116 1113 189 1148 ead.
202 1111 225 1148 l.
248 1124 305 1150 10.
321 1111 533 1151 Δυνήσεται
549 1110 690 1164 σώζειν)
710 1109 998 1163 Consequentia
1012 1108 1195 1150 orationis
1210 1110 1250 1149 δε
1262 1121 1328 1148 ne-

63 1174 136 1202 xus
150 1164 250 1202 haud
264 1165 376 1204 dubie
389 1165 580 1217 postulant
592 1165 793 1204 secundam
806 1164 1021 1217 personam,
1034 1176 1149 1215 quam
1165 1176 1251 1203 cum
1266 1163 1328 1203 Io-

0 1259 3 1262 ,
62 1217 146 1256 nica
165 1216 189 1256 s.
209 1219 364 1272 antiqua
377 1220 525 1258 ratione
541 1219 701 1271 positam
723 1219 913 1257 inveniret
928 1218 1119 1264 librarius,
1132 1217 1329 1264 summm,

0 1302 2 1307 ,
61 1269 254 1322 imperitia
265 1273 426 1324 quadam
441 1272 652 1312 immutasse
665 1272 819 1311 videtur
834 1273 875 1310 in
886 1269 1106 1312 δυνήσεται.
1129 1271 1233 1309 Vidit
1247 1270 1327 1309 hoc

0 1338 2 1348 >
63 1324 176 1362 etiam
198 1327 342 1377 primus
367 1327 553 1379 interpres
580 1327 692 1366 Vinc.
716 1324 971 1378 Obsopoeus‚
997 1338 1018 1364 a
1038 1337 1121 1376 quo
1135 1323 1329 1363 disceffum

66 1390 146 1416 non
166 1381 353 1430 oportuit.
380 1381 472 1419 Non
496 1391 651 1428 metuo,
675 1392 723 1418 ne
745 1381 832 1432 quis
853 1379 1003 1419 Graece
1019 1379 1154 1417 decius
1169 1378 1328 1416 obiiciat

64 1444 281 1482 pronomen
296 1433 440 1473 ἑαυτόν.
454 1434 546 1473 Hoc
559 1435 658 1473 enim
673 1446 793 1486 aeque
805 1432 987 1472 secundae
1002 1431 1182 1484 personae
1198 1444 1240 1470 ac
1253 1442 1329 1470 ter-

60 1484 134 1524 tiae
147 1487 250 1539 iungi
265 1487 386 1539 poffe,
399 1488 664 1527 translatitium
678 1486 741 1526 est.
756 1487 882 1527 GESN.
899 1482 1080 1527 Δυνῆσεοιι
1097 1486 1221 1536 σώζειν
1234 1484 1320 1524 ἑωυ-

62 1539 144 1591 τὶιν)
166 1540 267 1580 Cum
279 1539 482 1582 θυνίισεται
498 1553 608 1580 antea
623 1542 763 1580 editum
777 1541 939 1592 legerem
954 1571 964 1587 ‚
985 1540 1253 1586 conficiebam,
1274 1538 1329 1576 ie.

61 1594 228 1644 gendum
248 1594 384 1645 ὃυνήσῃ
404 1595 467 1634 vel
480 1594 657 1635 summo
672 1625 682 1643 ‚
707 1606 751 1634 ut
776 1593 842 1633 fiat
856 1593 1038 1633 secundae
1057 1592 1263 1645 personae,
1285 1593 1328 1631 δε

59 1647 283 1698 praemissae
295 1649 600 1700 interrogationi,
614 1665 660 1688 an
671 1660 707 1686 tu
721 1647 887 1700 evasurus
890 1649 973 1698 fis?
989 1646 1225 1698 respondeat.
1249 1645 1324 1684 Im-

61 1713 129 1739 mo
153 1700 203 1741 fic
217 1702 292 1754 legi
309 1703 472 1742 voluisse
488 1701 741 1755 Obsopoeum
756 1702 968 1747 crederem,
991 1702 1058 1753 qui
1073 1701 1228 1753 vulgata
1251 1699 1327 1738 ser-

61 1766 154 1793 vata
169 1767 294 1795 tamen
308 1757 407 1795 dedit
418 1787 429 1803 ‚
451 1769 481 1795 te
497 1756 707 1808 ipsteservare
716 1755 880 1809 potmffes
889 1770 905 1802 ;
924 1753 991 1793 nisi
1007 1767 1052 1794 ex
1067 1754 1145 1793 aliis
1165 1755 1246 1793 eius
1267 1766 1327 1792 er-

60 1808 153 1847 ratis
167 1810 334 1849 viderem
347 1839 358 1857 ‚
373 1810 465 1848 nihil
479 1811 574 1849 certi
590 1810 677 1849 inde
691 1809 883 1849 conficere
899 1809 1021 1848 licere.
1045 1807 1116 1847 Sed
1128 1809 1216 1860 quia
1231 1806 1327 1846 Ges-

60 1874 175 1901 nerus
188 1878 214 1902 τ
228 1875 377 1903 tantum
392 1864 548 1910 delerat,
574 1875 616 1903 ut
631 1860 810 1904 ὃυνῆσεοιι
828 1864 929 1915 legas
942 1891 952 1909 ,
969 1862 1082 1913 idque
1098 1861 1325 1900 facillimum

64 1916 106 1955 &
121 1918 327 1967 optimum,
351 1917 440 1969 (nisi
452 1917 551 1956 forte
565 1917 676 1956 nimis
691 1917 867 1956 Ionicum
880 1915 1026 1967 fuerit‚)
1043 1915 1176 1954 lubens
1190 1915 1327 1953 melio-

61 1969 92 2008 ri
105 1969 208 2018 ceffi,
223 1971 262 2010 δι
278 1972 369 2024 quia
386 1970 578 2011 neceffitas
591 1972 707 2023 exigit
719 2002 729 2017 ‚
741 1971 938 2023 vulgatam
952 1970 1084 2016 reieci,
1100 1981 1200 2021 quae
1215 1969 1327 2019 plane

61 2022 218 2062 absurda
240 2036 331 2064 erat.
350 2024 480 2064 Restat
491 2035 634 2070 tamen,
647 2036 690 2064 ut
702 2023 851 2070 ἑαυτὸν,
868 2024 974 2076 quod
990 2023 1124 2062 tertiae
1139 2021 1323 2074 personae

60 2076 128 2123 est,
142 2079 215 2116 iam
229 2079 339 2117 etiam
356 2080 393 2117 in
410 2081 548 2118 σαυτὶν
561 2090 695 2125 mutet,
709 2079 774 2130 qui
788 2079 908 2125 volet,
922 2077 1009 2129 quia
1021 2077 1135 2116 etiam
1149 2077 1324 2128 proxime

62 2132 251 2183 praemisit
262 2132 401 2172 Noster
413 2131 458 2171 σὺ
468 2132 627 2182 σεαυτῷ.
643 2131 714 2172 Sed
731 2145 795 2183 per
810 2143 870 2170 me
883 2144 960 2170 non
977 2132 1047 2169 erit
1059 2129 1326 2175 neceffarium,

60 2187 151 2237 quia
167 2184 298 2225 ἑαυτὸν
314 2185 367 2225 est
385 2186 511 2225 omnis
527 2185 718 2238 personae.
730 2186 804 2224 Pro
824 2185 988 2235 ἐμαυτὸν
1005 2185 1042 2223 id
1055 2183 1232 2223 affertum
1247 2184 1328 2222 vid.

62 2239 110 2277 ad
127 2238 232 2278 Asm.
249 2253 330 2292 cap.
350 2254 392 2292 13
408 2254 420 2288 3
443 2253 515 2293 pro
534 2243 692 2279 σεαυτὸν
712 2241 747 2278 in
763 2240 937 2292 Apolog.
960 2251 1031 2289 pro
1044 2239 1163 2276 Merc.
1180 2250 1213 2276 c.
1227 2252 1247 2276 2
1267 2250 1325 2287 pr.

62 2291 270 2342 ταῦταμὲν
286 2292 565 2345 πρὸςὲιιυτόν-
581 2293 765 2332 λέλεκταί
779 2308 848 2339 σοι,
860 2293 925 2331 nisi
942 2291 1071 2330 credas
1086 2302 1244 2343 propter
1255 2290 1324 2342 sig-

62 2360 124 2384 ma
142 2344 300 2399 sequens
320 2347 470 2385 dubiam
485 2346 558 2386 effe
585 2346 798 2386 lefrionem.
825 2347 913 2386 Vid.
927 2346 1040 2397 igitur
1053 2348 1220 2395 apertius
1245 2357 1318 2396 pro

63 2399 215 2439 secund.
227 2400 320 2452 pers.
334 2399 496 2452 pofitum
520 2401 557 2438 in
574 2400 642 2453 Ep.
657 2401 702 2440 ad
719 2400 844 2440 Galat.
864 2402 915 2445 V,
936 2413 1000 2446 14,
1024 2396 1245 2452 ἀγαπήσεις
1260 2399 1323 2436 τὸν

62 2456 223 2492 πλησίον
247 2468 313 2493 σου
333 2450 379 2492 ὧς
394 2453 537 2493 ἑαυτὸν.
557 2454 700 2505 Evang.
719 2454 854 2493 Matth.
871 2453 1032 2498 XXVI,
1059 2467 1073 2490 1
1087 2467 1100 2490 1
1116 2481 1126 2497 ‚
1151 2452 1321 2490 πάντοτε

63 2509 141 2559 ’γὰρ
155 2506 242 2546 τοὺς
264 2508 447 2560 πτωχοὺς
472 2507 589 2560 ἔχετε
609 2508 687 2557 μεθ’
704 2507 858 2546 ἑωυτῶν·
877 2521 897 2545 2
912 2506 1090 2545 Corinth.
1114 2506 1169 2553 X,
1194 2518 1237 2543 12
1251 2533 1261 2551 ,
1277 2504 1322 2542 δε

11 2563 13 2566 ⁴
65 2559 209 2616 pafiim.
226 2561 345 2614 Epist.
361 2561 466 2602 Man.
482 2574 565 2616 pag.
585 2562 629 2616 58
645 2561 671 2604 f.
687 2560 824 2608 ΑΕΗ,
846 2576 894 2615 34
911 2560 1007 2601 med.
1033 2555 1235 2611 τολμήσεις
1248 2556 1325 2598 τοῖς
