1956 3444
354 229 427 281 m
460 227 713 282 MuseAE
748 228 1120 281 encomium.
1290 249 1380 302 577

103 320 216 380 quod
232 325 351 379 magis
369 328 494 379 probo
505 356 516 373 ‚
538 327 706 366 &verto
718 356 728 374 ‚
743 340 815 365 mea
827 327 947 365 videtis
958 328 1066 366 oratio
1077 342 1178 380 quam
1182 329 1231 379 fit
1235 331 1382 382 simplex

107 383 144 418 ἐξ·
164 382 351 430 inerudita,
371 381 421 421 ἧς
440 381 506 420 sua
530 380 610 433 ipse
633 393 700 432 per
714 380 935 420 modestiam
953 382 1102 427 elevat,
1122 382 1157 418 δ’
1175 398 1275 434 quam
1295 384 1386 422 nihil

110 434 147 474 ὶη
170 436 242 488 ipsit
255 438 305 486 stt
326 436 452 474 canori.
480 435 541 474 Sic
564 436 664 474 enim
690 435 790 473 reue
805 435 903 473 verti
922 446 1019 486 puto
1042 433 1128 483 ᾠδή.
1156 437 1211 475 Ut
1228 436 1382 477 Crassus

109 491 209 539 apud
220 488 302 528 Cic.
317 489 370 528 ΠΙ
384 489 430 528 de
445 499 543 528 orat.
554 488 600 526 de
615 487 662 527 C.
678 487 882 527 Carbone:
900 489 1082 539 Profluens
1091 491 1248 541 quiddam
1261 492 1384 530 habuit

112 543 237 588 carbo,
253 543 288 581 ‹5›
299 557 469 582 canorum.
486 542 531 581 Et
543 541 693 582 Gellius
704 543 750 580 de
763 543 898 580 eodem
917 542 955 580 in
966 542 1094 582 Bruto
1110 544 1155 582 de
1172 544 1282 583 claris
1296 558 1381 585 ora·

113 597 284 636 toribus:
308 597 349 636 L.
368 597 524 642 Gellius,
547 596 603 649 qui
617 594 724 646 seilli
737 597 999 637 contubernalem
1022 599 1057 635 in
1082 598 1261 647 consulatu
1277 597 1383 650 fitiſje

113 652 298 698 narrabat,
321 664 479 689 canorum
495 663 656 688 oratorem
669 680 680 697 ‚
698 650 733 686 δ’
748 650 925 689 volubilem
941 648 1128 702 &c.ficiffi’
1139 654 1278 691 dicebat.
1305 654 1384 692 Ubi

112 704 273 743 volubilis
286 704 358 750 est,
379 705 441 743 cui
453 702 566 742 facile
580 703 740 754 profluit
757 705 892 743 oratio.
907 704 1134 744 Plutarchus
1154 707 1199 744 de
1214 708 1383 746 auditio·

111 768 183 804 ne,
202 757 251 797 fic
265 757 561 797 circumscribit:
585 756 652 796 τὴν
670 755 791 808 φωνὴν
808 757 1008 807 ἑμμελίαις
1028 758 1107 798 τισὶ
1130 759 1194 797 καὶ
1211 761 1386 809 μαλακό-

113 825 203 851 τησι
224 811 285 849 καὶ
307 813 522 862 vapido-ww
540 810 747 860 ἑφηὲὑνειν,
760 827 872 851 vocem
887 812 1056 850 accuratis
1076 815 1269 865 quibusdam
1283 814 1384 865 sonis

114 880 157 904 ac
175 865 313 904 mollitie
335 864 370 901 ὃ·
389 865 677 904 modulationibus
701 866 862 904 edulcare.
880 865 987 905 Μὺθοι
1007 868 1197 919 pertinent
1219 869 1262 905 ad
1291 871 1386 920 poe·

113 929 171 958 tas
183 948 194 966 ‚
212 931 292 957 non
313 920 358 957 ad
377 930 564 957 oratores.
579 918 782 969 Quoniam
800 931 928 958 tamen
941 919 1139 970 Sophistae
1151 920 1224 960 suis
1238 923 1386 961 oratio-

114 973 226 1012 nibus
247 971 519 1025 adspergebant
550 970 720 1021 fabulas,
745 985 826 1013 non
855 974 1084 1013 contendam
1099 1003 1110 1022 ‚
1141 975 1166 1014 si
1203 976 1287 1028 quis
1314 989 1386 1029 pro

114 1027 274 1079 vulgata
302 1026 371 1066 stet
392 1027 526 1066 acrius.
547 1026 718 1066 GRAEV.

167 1084 241 1119 ead.
254 1082 278 1119 l.
298 1093 356 1119 to.
371 1083 492 1119 Σκιᾶς
505 1102 549 1109 -—
565 1076 712 1133 αὐγὴν)
731 1078 822 1119 Non
834 1076 921 1119 satis
939 1078 1155 1132 opticarum
1177 1083 1386 1130 rationum,

114 1135 228 1173 etiam
251 1135 290 1172 in
303 1145 491 1187 quantum
509 1133 572 1173 illa
591 1145 717 1174 aetate
739 1144 849 1173 erant
871 1136 1070 1186 cognitae,
1087 1136 1256 1187 peritum
1277 1136 1388 1177 fuiffe

110 1187 297 1227 Nostrum
313 1218 326 1235 ,
351 1201 430 1227 non
443 1190 677 1240 negaverim.
703 1186 775 1227 Sed
791 1200 860 1227 nec
876 1187 1003 1228 obeffe
1017 1189 1065 1227 illi
1081 1190 1193 1229 debet
1211 1190 1299 1230 usus
1316 1193 1388 1234 ho-

113 1255 201 1282 rum
217 1244 432 1282 nominum.
457 1243 608 1294 Nempe
629 1243 720 1281 σκιᾶ,
733 1242 785 1280 est
799 1241 940 1294 species
955 1243 991 1281 in
1008 1244 1146 1282 oculos
1164 1244 1388 1294 incurrens,

113 1295 332 1349 praesertim
344 1326 357 1342 ,
368 1297 431 1336 cui
450 1296 540 1335 nihil
559 1295 664 1335 solidi
679 1294 800 1335 subest
812 1327 822 1342 ‚
838 1307 880 1334 ut
894 1296 954 1334 illa
969 1296 1112 1335 fiscum
1126 1305 1208 1336 tum
1223 1297 1390 1350 Optico-

116 1362 203 1389 rum
216 1380 226 1397 ‚
242 1360 324 1389 turn
338 1363 436 1403 quae
449 1349 551 1402 apud
568 1362 698 1389 manes
709 1380 720 1396 ‚
734 1362 828 1402 quas
839 1350 953 1388 etiam
970 1344 1103 1389 Latine
1115 1353 1252 1389 umbras
1267 1365 1388 1391 voca-

116 1405 149 1444 ri
175 1414 311 1444 notum
325 1404 397 1443 est:
419 1399 522 1457 αὐγὴ
540 1403 624 1442 sunt
641 1403 732 1442 radii
749 1404 854 1442 varie
869 1403 1048 1443 reflexi&
1063 1403 1209 1443 refraffi
1223 1436 1232 1452 ‚
1248 1407 1389 1458 quibus

116 1469 279 1509 augetur
290 1458 351 1497 illa
364 1458 513 1505 umbra,
527 1457 589 1496 illa
606 1455 760 1510 species.
777 1457 837 1496 Sic
852 1451 1117 1511 ρο1ὶ1ἰῑαῦγᾰς
1129 1459 1315 1506 Euclides,
1327 1462 1389 1500 vel

117 1511 286 1565 quisquis
298 1512 366 1561 est,
379 1513 416 1550 in
429 1512 619 1564 principio
630 1509 881 1563 Opticorum:
898 1511 1052 1551 εἴδωλον
1066 1524 1195 1551 autem
1212 1513 1251 1552 δε
1265 1514 1391 1563 ἕμφα.

118 1581 179 1606 σιν
195 1567 253 1606 hic
269 1566 407 1616 pariter
419 1567 459 1603 ὅ(
476 1565 714 1604 Heliodorus
732 1563 940 1604 Larissaeus
954 1567 1084 1605 dicunt
1095 1579 1193 1612 eam,
1215 1581 1315 1618 quae
1333 1570 1390 1607 hic

121 1621 215 1659 σκιὰ
227 1619 290 1659 est.
304 1619 396 1658 Plin.
407 1618 599 1664 XXXVI,
614 1620 678 1664 26,
693 1618 717 1656 s.
732 1621 799 1667 67,
811 1619 1028 1671 imaginem,
1047 1633 1160 1671 quam
1178 1621 1295 1659 reddit
1308 1621 1392 1660 (les

118 1673 282 1713 fidianus
301 1674 415 1726 lapis,
435 1675 739 1718 umbramvocat,
766 1674 806 1712 δι
829 1674 950 1725 magis
967 1674 1099 1712 diserte
1122 1673 1253 1713 Ifidor.
1276 1673 1390 1728 Orige

122 1726 243 1774 XVI,
259 1743 283 1776 4
296 1759 308 1776 ‚
331 1728 515 1780 imaginum
540 1729 686 1765 umbras.
707 1726 833 1765 GESN.

175 1784 247 1820 ead.
266 1782 288 1819 l.
307 1792 321 1820 1
333 1796 365 1820 2.
385 1782 547 1835 Ἐκχέας
561 1784 605 1819 τὶ)
620 1778 736 1832 ὕδωρ)
754 1778 857 1819 Nihil
875 1780 1002 1819 minus
1015 1810 1026 1827 ‚
1042 1793 1158 1834 quam
1177 1781 1222 1820 ad
1235 1781 1392 1821 iudicia—

119 1833 195 1875 lem
212 1835 447 1888 clepsydram
461 1865 472 1883 ‚
494 1836 567 1874 hoc
586 1836 765 1886 pertinet:
786 1835 891 1885 quod
903 1846 991 1874 cum
1009 1844 1158 1886 putaret
1174 1835 1393 1884 Marcilius,

122 1888 301 1942 profe&o
321 1889 532 1928 dormitarit
548 1888 691 1927 necesse
705 1888 766 1927 est.
791 1888 966 1935 Dixerat,
982 1901 1080 1940 quae
1093 1889 1161 1927 sub
1182 1883 1284 1941 ai'qua
1306 1889 1392 1937 fini,

121 1955 166 1981 ea
184 1951 372 1995 apparere
391 1942 560 1982 maiora:
576 1955 630 1981 -ac
656 1942 761 1980 simili
783 1943 936 1981 ratione
958 1942 1121 1981 iudicare
1144 1942 1323 1995 quosdam
1347 1945 1394 1983 de

123 1997 305 2048 operibus
322 1997 475 2048 ingenii.
505 1997 582 2035 Iam
597 1995 762 2043 subiicit,
773 1995 810 2034 se
823 1996 894 2034 hac
909 1997 1074 2048 ingenua
1090 1998 1134 2035 de
1150 1997 1184 2035 se
1198 1995 1395 2049 profeffio-

123 2061 190 2097 ne,
204 2051 312 2090 velut
324 2063 462 2103 aquam
477 2050 575 2088 illam
592 2046 802 2095 effundere,
821 2063 919 2101 quae
939 2050 1137 2089 hominum
1152 2051 1296 2089 iudiciis
1310 2051 1395 2090 offi-

121 2116 212 2144 cere
227 2104 348 2157 poffet
361 2133 372 2153 ‚
393 2106 430 2144 δι
446 2105 591 2143 nudum
605 2104 641 2143 se
664 2105 845 2156 praebere
858 2103 1113 2155 speciandum.
1132 2103 1263 2144 GtsN.

203 2208 207 2210 ,
260 2208 263 2210 .

389 2277 459 2320 ΙΝ
494 2275 746 2325 MUSCAE
781 2274 1146 2320 ENCOMIUM.

185 2361 276 2413 Pag.
295 2377 382 2415 324.
398 2363 420 2400 l.
444 2376 480 2414 3.
499 2352 649 2411 Ἔμπίσι
669 2365 733 2402 καὶ
749 2362 929 2416 nebimdi)
954 2363 1046 2402 Non
1070 2363 1313 2403 inveniebam
1339 2363 1401 2402 di-

128 2414 240 2454 versa
251 2417 406 2455 nomina
420 2416 558 2454 horum
572 2417 812 2456 inl'eEtorum.
829 2417 1048 2469 Utrumque
1062 2418 1196 2456 culicis
1209 2431 1327 2470 genus
1343 2417 1401 2456 es-

130 2469 169 2509 se
191 2470 315 2508 video.
337 2469 543 2520 Musccllas,
557 2471 662 2522 quod
677 2472 857 2510 dederunt
870 2473 1092 2522 interpretes
1103 2501 1114 2516 ‚
1130 2472 1191 2510 vel
1207 2471 1397 2522 musculas,

133 2535 215 2577 quo
230 2525 387 2562 nomine
400 2523 636 2575 Augustinus
647 2525 799 2574 κὺνιφιις
812 2523 1103 2578 Aegyptiorum
1118 2525 1254 2576 reddit,
1266 2524 1402 2565 muscis

241 2575 385 2617 Lucian.
411 2578 490 2617 Vol.
515 2578 598 2617 VII.
1080 2577 1121 2617 O
1133 2591 1160 2617 0
