1956 3444
265 235 350 281 IN
400 195 1121 280 ICAROMENIPPUM.
1247 251 1338 298 377

72 320 232 374 Optime
244 335 339 375 ergo
352 323 577 363 scholiastes
591 324 636 363 ad
649 324 751 364 hunc
765 323 909 364 locum.
931 347 974 354 —
994 325 1194 364 Eleoanrer
1211 336 1339 365 autem

72 376 160 415 dicit
175 377 377 424 Lucianus‚
397 378 647 430 philosophos
661 378 844 430 quosdam
861 358 1179 420 affimilarebeos
1187 379 1341 432 personis

73 432 197 474 mutis,
217 431 282 483 qui
307 430 482 479 censent,
503 432 614 472 Deos
629 445 708 472 non
729 445 864 472 curare
885 444 944 471 res
959 432 1166 479 humanas,
1192 434 1284 472 nihil
1302 435 1341 472 in

73 484 222 523 mundo
243 497 355 537 agere
369 515 380 530 ,
402 484 463 525 sed
485 487 636 537 quietos
653 485 689 526 se
706 497 862 533 tenere,
887 485 1085 525 audientes
1107 486 1146 526 &
1168 488 1340 526 videntes·

73 538 325 590 omnia‚quae
338 539 384 577 ab
396 539 617 580 horninibus
629 553 867 592 peragantur.
877 557 900 576 v>
918 541 1025 579 Haec
1037 540 1109 578 ille.
1124 539 1194 579 Sed
1209 540 1339 580 habui-

72 602 159 629 mus
173 595 330 642 κωμικὸν
345 592 577 645 Σορυφὸρημοι
591 595 702 633 etiam
716 599 826 645 supra
842 595 878 632 in
894 593 1045 645 Quom.
1060 594 1154 632 Hist.
1169 607 1199 633 c.
1216 611 1241 642 4
1252 623 1262 641 ,
1273 596 1340 633 ibi-

73 657 152 736 fgue
167 646 212 705 qd
229 646 367 738 Sfpanh.
384 646 617 695 remisimus,
637 648 704 701 qui
717 650 762 686 ad
775 646 973 700 Aristoph.
988 647 1088 686 Ran.
1105 662 1183 701 944
1209 649 1337 688 multis

72 710 85 736 1
128 711 146 736 a
179 710 217 737 it.
276 710 382 739 ΕΠΖ.

130 711 219 803 Ρίἕ.
238 766 294 802 ¹4-
307 755 330 792 l.
351 768 380 793 1.
393 753 635 807 Ἠϋγενείοις)
653 754 756 794 Alibi
772 752 956 808 εὗγένεισς
969 752 1156 803 scribitur,
1169 765 1211 793 ut
1226 758 1262 793 Z.
1278 759 1335 806 Τρ.

72 817 107 845 c.
125 806 188 851 26,
202 807 309 858 quod
323 808 363 846 &
377 807 439 846 hic
455 810 718 860 reponendum
734 814 896 856 cen1e03
913 808 979 846 nisi
996 808 1120 847 forsan
1137 809 1237 860 apud
1253 808 1335 847 Co-

71 859 215 898 micum
234 862 286 899 ita
298 861 490 901 exstiterit.
510 862 666 901 SOLAN.
686 862 793 901 Licet
807 862 917 914 supra
930 862 1017 901 Iov.
1032 860 1148 902 Conf.
1168 875 1200 901 c.
1219 863 1266 901 26
1283 875 1334 902 m.

70 913 180 952 aliter
193 912 391 963 scribatur,
415 916 476 954 hic
497 925 624 955 tamen
640 913 727 969 ”⁷³37-
748 915 876 965 servo,
899 917 991 969 quia
1005 917 1258 956 Homericum
1276 929 1339 956 ae-

71 979 147 1019 que
162 979 205 1006 ac
220 967 345 1021 ὑψιβρ.
363 971 414 1007 V.
432 968 474 1008 11.
490 976 544 1016 Σ,
564 969 650 1022 318.
673 970 819 1009 Rnrz.

134 1023 207 1059 ead.
222 1023 246 1061 l.
265 1023 447 1074 ς.“Ἐτερος
461 1022 508 1062 δέ
517 1039 568 1074 με
584 1023 718 1076 ὃυμὸς)
734 1024 894 1062 Homer.
909 1021 984 1063 Od.
998 1022 1033 1071 Ι,
1061 1035 1150 1076 302.
1173 1022 1332 1063 SOLAN.

123 1077 196 1115 ead.
209 1076 234 1114 l.
255 1089 268 1114 1
281 1089 314 1115 1.
330 1077 520 1129 Αἴσωπος)
540 1078 642 1117 Hinc
661 1078 812 1129 liquido
825 1088 926 1129 patet
939 1108 950 1125 ‚
973 1077 1144 1129 ignotam
1160 1077 1336 1117 Luciano

68 1125 235 1168 fabulam
258 1130 304 1169 de
319 1131 431 1170 aeriis
450 1130 593 1184 Aesopi
615 1132 900 1175 conditoribus,
925 1144 1041 1183 quam
1066 1131 1105 1169 in
1126 1132 1208 1170 eius
1222 1132 1300 1170 vita
1313 1144 1335 1171 a

67 1179 233 1222 Planude
246 1183 411 1225 conficta
423 1185 629 1224 habemus:
645 1197 689 1224 ea
698 1187 799 1224 enim
817 1185 947 1238 potius
962 1184 1049 1223 usus
1063 1183 1203 1231 fuisset,
1215 1199 1334 1237 quam

68 1234 157 1275 istis.
181 1237 326 1276 Fabula
341 1239 491 1291 aquilae
503 1239 543 1278 &
558 1238 767 1284 scarabaei,
789 1252 903 1290 quam
924 1239 1065 1290 tangit,
1079 1238 1202 1277 adhuc
1214 1238 1335 1278 exstat

67 1291 170 1341 apud
184 1291 380 1344 Aesopum
395 1291 564 1332 nostrum
577 1292 754 1332 secunda.
766 1293 843 1332 Ubi
858 1302 983 1331 autem
998 1291 1167 1331 camelus
1180 1292 1333 1331 coelum

67 1342 190 1395 ipsum
205 1356 309 1396 petat
320 1376 332 1391 ‚
359 1346 464 1388 nulla
475 1346 589 1386 hodie
601 1347 701 1399 apud
714 1346 934 1398 Aesopum,
957 1346 1024 1398 qui
1048 1344 1335 1392 circumfertur,

67 1398 209 1446 exstat3
222 1398 375 1439 sedtum
390 1413 438 1439 ex
447 1401 522 1440 hoc
531 1400 800 1447 Lucianiloco,
813 1411 893 1439 tum
910 1412 957 1438 ex
974 1399 1130 1438 Avieno
1144 1400 1183 1439 δι
1195 1399 1334 1439 Babria

65 1451 242 1492 exstitisse
261 1452 345 1493 satis
365 1454 523 1494 constat.
538 1455 626 1494 Vid.
642 1454 788 1494 Avieni
801 1454 830 1492 F
833 1454 891 1494 ab.
907 1452 942 1493 8.
965 1453 1126 1493 Babriae
1142 1467 1202 1506 34.
1222 1453 1332 1492 Adde

66 1505 107 1544 &
128 1505 358 1547 Scholiastae
379 1508 640 1548 testimonium
663 1508 821 1546 eandem
841 1507 1040 1546 laudantis.
1063 1506 1221 1546 SOLAN.
1247 1507 1333 1559 Ap-

65 1559 244 1610 pinxerat
254 1574 348 1600 orae
361 1561 573 1601 Hemsterh.
586 1562 794 1602 videndum
808 1561 1051 1612 Aristophan.
1066 1560 1154 1600 Pac.
1175 1575 1189 1599 1
1200 1559 1247 1599 28
1261 1590 1271 1607 ,
1291 1562 1333 1601 &

65 1612 218 1654 Kusteri
230 1625 312 1657 not.
325 1614 396 1654 Ms.
410 1616 527 1668 Apud
538 1615 732 1667 Aristoph.
744 1616 893 1667 quidem
909 1615 996 1666 lego
1009 1614 1174 1653 fabulam
1186 1613 1329 1667 Aesopi

67 1667 113 1705 de
127 1668 312 1707 cantharo
327 1669 364 1707 in
385 1670 538 1709 coelum
555 1669 734 1708 evolante
741 1685 753 1717 ;
780 1668 840 1709 sed
859 1681 970 1707 notas
987 1668 1066 1707 illas
1078 1667 1230 1707 Kusteri
1249 1682 1331 1708 non

65 1720 250 1773 poffideo,
266 1722 370 1776 (licet
385 1723 585 1763 nonnullas
599 1722 761 1762 Solanus
775 1723 879 1761 notis
891 1722 961 1760 suis
973 1721 1179 1767 inseruerit,
1195 1722 1333 1761 Kuste-

65 1775 97 1813 ri
115 1777 273 1815 nomine
286 1776 431 1829 addito)
457 1791 527 1818 nec
547 1776 618 1816 alia
639 1777 684 1816 de
699 1789 787 1816 meo
801 1777 934 1815 addere
954 1776 993 1814 in
1014 1788 1055 1814 re
1077 1777 1175 1815 haud
1197 1777 1330 1829 magni

64 1831 274 1877 momenti,
290 1830 510 1883 &linguam
526 1843 605 1870 non
620 1830 810 1883 speeiante
822 1861 833 1878 ,
854 1830 962 1869 volo.
985 1829 1132 1868 Rmz.

119 1883 198 1922 ibid.
210 1884 405 1937 Κανθάροις
417 1885 550 1937 ἐνίοτε)
564 1885 670 1924 Illam
684 1885 729 1924 de
744 1883 957 1928 scarabaeo,
979 1883 1128 1934 aquilae
1142 1895 1220 1921 ova
1233 1895 1255 1921 e
1266 1883 1330 1922 Io·v

0 1936 6 1942 '
65 1937 125 1976 vis
143 1939 290 1989 gremio
305 1940 546 1985 excutiente,
571 1938 744 1978 fabellam
758 1939 854 1977 inter
868 1936 1142 1989 antiquissimas
1156 1935 1328 1988 Aesopi-

66 1990 206 2043 casque
223 2005 314 2031 vere
333 1992 590 2038 referendam,
607 2003 711 2044 patet
732 2005 781 2031 ex
794 1991 989 2042 Aristoph.
1004 1990 1070 2043 Εἰρ.
1085 2005 1122 2030 ν.
1140 1989 1210 2029 128
1223 1989 1329 2042 seqq,

65 2045 131 2084 ubi
145 2045 356 2099 Taygaeus
371 2059 419 2086 eo
439 2048 574 2088 ve&us
585 2046 790 2086 inducitur.
804 2045 867 2084 De
883 2045 1030 2085 camelo
1042 2044 1147 2096 quod
1164 2044 1329 2083 mentio-

64 2111 154 2137 nem
171 2098 281 2147 facit,
303 2100 356 2139 est
375 2100 475 2140 forte
496 2100 585 2148 illa,
608 2100 675 2140 ubi
688 2112 836 2140 cornua
847 2099 914 2138 sibi
927 2100 1069 2152 petenti
1085 2111 1196 2138 aures
1213 2099 1327 2137 etiam

65 2153 196 2191 adimit
210 2154 390 2206 Iuppiter.
414 2154 543 2194 GESN.

120 2207 156 2245 in
171 2208 286 2247 Schol.
300 2210 364 2248 col.
382 2221 412 2247 1.
427 2209 449 2247 l.
459 2224 496 2257 4.
510 2208 697 2248 Κέικιστον
711 2204 813 2246 ἄθεον
828 2205 975 2258 στόμα)
992 2204 1258 2246 LLWetstein
1273 2217 1329 2245 re-

65 2260 125 2301 fte
137 2262 294 2302 coniicit
304 2263 580 2305 emendandum
593 2262 779 2301 κακίστου
796 2261 868 2300 &c.
883 2260 1027 2299 Rm-rz.

120 2316 199 2353 ibid.
213 2317 277 2354 col.
297 2329 330 2354 2.
344 2318 367 2354 l.
384 2331 415 2369 5.
435 2317 520 2363 Τὸν)
537 2316 606 2355 Τὴν
621 2315 718 2355 Cod.
737 2316 788 2354 V.
803 2315 912 2359 male,
925 2315 976 2352 ait
991 2313 1165 2361 Solanus.
1184 2311 1326 2351 Nescio

68 2382 199 2421 quare.
213 2369 311 2408 Nam
326 2382 403 2409 non
418 2369 538 2413 solum
549 2370 765 2408 communis
778 2369 925 2421 generis
937 2367 990 2406 est
1003 2368 1186 2416 κάμηλος·
1209 2365 1269 2405 sed
1284 2367 1323 2405 in

67 2424 286 2475 Aphthonii
300 2422 371 2462 fab.
380 2436 395 2460 1
408 2436 442 2475 5,
456 2424 493 2462 in
505 2436 583 2475 qua
597 2423 689 2462 haec
703 2423 778 2474 ipsa
793 2423 843 2461 est
856 2420 1134 2460 narratiuncula
1146 2421 1189 2458 de
1201 2432 1327 2459 came-

65 2478 105 2516 lo
119 2476 255 2517 Iovem
270 2489 461 2530 precante,
472 2489 513 2516 ut
528 2477 593 2515 fibi
606 2490 755 2516 cornua
767 2477 961 2529 largiatur,
975 2473 1040 2514 τὶῐς
1054 2470 1235 2525 καμήλου,
1247 2472 1286 2511 δι
1302 2470 1322 2513 ἦ

65 2532 238 2583 ,κάμηλος
253 2529 503 2585 προσελθοῦσαι
516 2531 665 2586 legitur.
687 2531 812 2574 Immo
827 2530 1012 2573 feminino
1024 2541 1162 2583 genere
1174 2528 1238 2570 vel
1246 2525 1326 2567 fre·=v
