<?xml version="1.0" encoding="UTF-8"?>
<!DOCTYPE html PUBLIC "-//W3C//DTD XHTML 1.0 Transitional//EN"
    "http://www.w3.org/TR/xhtml1/DTD/xhtml1-transitional.dtd">
<html xmlns="http://www.w3.org/1999/xhtml" xml:lang="en" lang="en">
 <head>
  <title>
</title>
<meta http-equiv="Content-Type" content="text/html;charset=utf-8" />
  <meta name='ocr-system' content='tesseract 3.04.00' />
  <meta name='ocr-capabilities' content='ocr_page ocr_carea ocr_par ocr_line ocrx_word'/>
</head>
<body>
  <div class='ocr_page' id='page_1' title='image "./operagraeceetlat07luciuoft_0569.png"; bbox 0 0 1956 3444; ppageno 0'>
   <div class='ocr_carea' id='block_1_1' title="bbox 0 1582 41 3444">
    <p class='ocr_par' dir='ltr' id='par_1_1' title="bbox 0 1582 41 3444">
     <span class='ocr_line' id='line_1_1' title="bbox 0 1582 41 3444; baseline 0 0"><span class='ocrx_word' id='word_1_1' title='bbox 0 1582 41 3444; x_wconf 95' lang='lat' dir='ltr'> </span> 
     </span>
    </p>
   </div>
   <div class='ocr_carea' id='block_1_2' title="bbox 410 211 1359 282">
    <p class='ocr_par' dir='ltr' id='par_1_2' title="bbox 410 211 1359 282">
     <span class='ocr_line' id='line_1_2' title="bbox 410 211 1359 282; baseline -0.006 -19"><span class='ocrx_word' id='word_1_2' title='bbox 410 211 1057 263; x_wconf 76' lang='grc' dir='ltr'><strong>ῙΝΗΙΡΡΙΑΜ.</strong></span> <span class='ocrx_word' id='word_1_3' title='bbox 1275 219 1359 282; x_wconf 71' lang='lat'>561</span> 
     </span>
    </p>
   </div>
   <div class='ocr_carea' id='block_1_3' title="bbox 82 300 1383 2510">
    <p class='ocr_par' dir='ltr' id='par_1_3' title="bbox 82 300 1369 839">
     <span class='ocr_line' id='line_1_3' title="bbox 82 300 1366 356; baseline 0.002 -14"><span class='ocrx_word' id='word_1_4' title='bbox 82 301 236 356; x_wconf 64' lang='lat' dir='ltr'>finiendi</span> <span class='ocrx_word' id='word_1_5' title='bbox 253 303 398 355; x_wconf 83' lang='lat' dir='ltr'>aedificii</span> <span class='ocrx_word' id='word_1_6' title='bbox 414 302 640 343; x_wconf 78' lang='lat' dir='ltr'><em>certitudinem</em></span> <span class='ocrx_word' id='word_1_7' title='bbox 655 301 877 353; x_wconf 78' lang='lat' dir='ltr'>confirmavit.</span> <span class='ocrx_word' id='word_1_8' title='bbox 889 300 962 340; x_wconf 89' lang='lat' dir='ltr'>Sed</span> <span class='ocrx_word' id='word_1_9' title='bbox 981 313 1053 341; x_wconf 85' lang='lat' dir='ltr'>nos</span> <span class='ocrx_word' id='word_1_10' title='bbox 1071 301 1216 354; x_wconf 86' lang='lat' dir='ltr'>liquido</span> <span class='ocrx_word' id='word_1_11' title='bbox 1231 303 1271 343; x_wconf 89' lang='lat'>&amp;</span> <span class='ocrx_word' id='word_1_12' title='bbox 1287 313 1366 345; x_wconf 86' lang='lat' dir='ltr'>me-</span> 
     </span>
     <span class='ocr_line' id='line_1_4' title="bbox 92 356 1366 406; baseline 0.002 -11"><span class='ocrx_word' id='word_1_13' title='bbox 92 358 168 396; x_wconf 90' lang='lat' dir='ltr'>rito</span> <span class='ocrx_word' id='word_1_14' title='bbox 188 356 383 406; x_wconf 80' lang='lat' dir='ltr'>censemus</span> <span class='ocrx_word' id='word_1_15' title='bbox 397 357 470 397; x_wconf 86' lang='lat' dir='ltr'>hos</span> <span class='ocrx_word' id='word_1_16' title='bbox 491 356 815 397; x_wconf 81' lang='lat' dir='ltr'>floccifaciendos.</span> <span class='ocrx_word' id='word_1_17' title='bbox 840 356 970 394; x_wconf 80' lang='lat' dir='ltr'>Locus</span> <span class='ocrx_word' id='word_1_18' title='bbox 992 356 1052 395; x_wconf 85' lang='lat' dir='ltr'>hic</span> <span class='ocrx_word' id='word_1_19' title='bbox 1079 357 1223 396; x_wconf 85' lang='lat' dir='ltr'>balneis</span> <span class='ocrx_word' id='word_1_20' title='bbox 1246 357 1366 401; x_wconf 80' lang='lat' dir='ltr'>fabri-</span> 
     </span>
     <span class='ocr_line' id='line_1_5' title="bbox 91 408 1366 462; baseline 0.004 -14"><span class='ocrx_word' id='word_1_21' title='bbox 91 411 224 449; x_wconf 87' lang='lat' dir='ltr'>candis</span> <span class='ocrx_word' id='word_1_22' title='bbox 245 411 389 451; x_wconf 70' lang='lat' dir='ltr'>ele&amp;us</span> <span class='ocrx_word' id='word_1_23' title='bbox 412 411 566 451; x_wconf 82' lang='lat' dir='ltr'>videtur</span> <span class='ocrx_word' id='word_1_24' title='bbox 591 408 700 449; x_wconf 79' lang='lat' dir='ltr'>fuisse</span> <span class='ocrx_word' id='word_1_25' title='bbox 729 421 852 462; x_wconf 85' lang='lat' dir='ltr'>prope</span> <span class='ocrx_word' id='word_1_26' title='bbox 873 409 1002 448; x_wconf 84' lang='lat' dir='ltr'>rivum</span> <span class='ocrx_word' id='word_1_27' title='bbox 1025 420 1093 448; x_wconf 90' lang='lat' dir='ltr'>aut</span> <span class='ocrx_word' id='word_1_28' title='bbox 1118 409 1289 458; x_wconf 82' lang='lat' dir='ltr'>fontem,</span> <span class='ocrx_word' id='word_1_29' title='bbox 1318 414 1366 453; x_wconf 85' lang='lat' dir='ltr'>ad</span> 
     </span>
     <span class='ocr_line' id='line_1_6' title="bbox 91 462 1366 516; baseline 0.002 -13"><span class='ocrx_word' id='word_1_30' title='bbox 91 476 207 516; x_wconf 89' lang='lat' dir='ltr'>quem</span> <span class='ocrx_word' id='word_1_31' title='bbox 231 463 400 516; x_wconf 58' lang='lat' dir='ltr'>spectans</span> <span class='ocrx_word' id='word_1_32' title='bbox 417 465 577 503; x_wconf 87' lang='lat' dir='ltr'>alterum</span> <span class='ocrx_word' id='word_1_33' title='bbox 594 464 694 503; x_wconf 85' lang='lat' dir='ltr'>latus</span> <span class='ocrx_word' id='word_1_34' title='bbox 708 462 782 503; x_wconf 84' lang='lat' dir='ltr'>fuit</span> <span class='ocrx_word' id='word_1_35' title='bbox 794 463 943 502; x_wconf 84' lang='lat' dir='ltr'>declive</span> <span class='ocrx_word' id='word_1_36' title='bbox 955 493 966 510; x_wconf 90' lang='lat'><strong>‚</strong></span> <span class='ocrx_word' id='word_1_37' title='bbox 981 473 1024 502; x_wconf 89' lang='lat' dir='ltr'>ut</span> <span class='ocrx_word' id='word_1_38' title='bbox 1047 463 1152 503; x_wconf 91' lang='lat' dir='ltr'>solet.</span> <span class='ocrx_word' id='word_1_39' title='bbox 1171 466 1290 505; x_wconf 88' lang='lat' dir='ltr'>Hunc</span> <span class='ocrx_word' id='word_1_40' title='bbox 1308 467 1366 506; x_wconf 90' lang='lat' dir='ltr'>lo-</span> 
     </span>
     <span class='ocr_line' id='line_1_7' title="bbox 93 516 1369 571; baseline 0.002 -15"><span class='ocrx_word' id='word_1_41' title='bbox 93 528 184 556; x_wconf 90' lang='lat' dir='ltr'>cum</span> <span class='ocrx_word' id='word_1_42' title='bbox 197 518 359 571; x_wconf 87' lang='lat' dir='ltr'>adeptus</span> <span class='ocrx_word' id='word_1_43' title='bbox 374 519 534 571; x_wconf 87' lang='lat' dir='ltr'>Hippias</span> <span class='ocrx_word' id='word_1_44' title='bbox 553 518 747 570; x_wconf 87' lang='lat' dir='ltr'>planavit‚</span> <span class='ocrx_word' id='word_1_45' title='bbox 766 517 961 569; x_wconf 82' lang='lat' dir='ltr'><em>crepidinem</em></span> <span class='ocrx_word' id='word_1_46' title='bbox 981 516 1068 569; x_wconf 85' lang='lat' dir='ltr'>(vel</span> <span class='ocrx_word' id='word_1_47' title='bbox 1089 520 1299 570; x_wconf 82' lang='lat' dir='ltr'>marginem</span> <span class='ocrx_word' id='word_1_48' title='bbox 1316 522 1369 559; x_wconf 89' lang='lat' dir='ltr'>ri-</span> 
     </span>
     <span class='ocr_line' id='line_1_8' title="bbox 94 571 1367 627; baseline 0.001 -17"><span class='ocrx_word' id='word_1_49' title='bbox 94 584 189 624; x_wconf 81' lang='lat' dir='ltr'>pae,</span> <span class='ocrx_word' id='word_1_50' title='bbox 210 575 276 623; x_wconf 81' lang='lat' dir='ltr'>qui</span> <span class='ocrx_word' id='word_1_51' title='bbox 302 572 547 612; x_wconf 80' lang='lat' dir='ltr'>extollendus</span> <span class='ocrx_word' id='word_1_52' title='bbox 567 572 680 619; x_wconf 80' lang='lat' dir='ltr'>erat)</span> <span class='ocrx_word' id='word_1_53' title='bbox 700 572 829 624; x_wconf 82' lang='lat' dir='ltr'>quidem</span> <span class='ocrx_word' id='word_1_54' title='bbox 839 571 1061 622; x_wconf 68' lang='lat' dir='ltr'>firmt‘ffi’mam</span> <span class='ocrx_word' id='word_1_55' title='bbox 1081 573 1171 610; x_wconf 82' lang='lat' dir='ltr'>omni</span> <span class='ocrx_word' id='word_1_56' title='bbox 1193 573 1283 624; x_wconf 79' lang='lat' dir='ltr'>operi</span> <span class='ocrx_word' id='word_1_57' title='bbox 1299 589 1367 627; x_wconf 85' lang='lat' dir='ltr'>po-</span> 
     </span>
     <span class='ocr_line' id='line_1_9' title="bbox 93 624 1367 680; baseline 0.002 -16"><span class='ocrx_word' id='word_1_58' title='bbox 93 641 193 671; x_wconf 81' lang='lat' dir='ltr'>nens,</span> <span class='ocrx_word' id='word_1_59' title='bbox 212 626 247 664; x_wconf 67' lang='grc' dir='ltr'>ὅ·</span> <span class='ocrx_word' id='word_1_60' title='bbox 264 626 565 676; x_wconf 62' lang='grc' dir='ltr'>ᾒιηιίιιηιεητονιιιη</span> <span class='ocrx_word' id='word_1_61' title='bbox 583 626 743 677; x_wconf 81' lang='lat' dir='ltr'><em>positione</em></span> <span class='ocrx_word' id='word_1_62' title='bbox 762 625 939 678; x_wconf 74' lang='lat' dir='ltr'>stabiliens</span> <span class='ocrx_word' id='word_1_63' title='bbox 953 624 1168 675; x_wconf 71' lang='lat' dir='ltr'><em>securitatem</em></span> <span class='ocrx_word' id='word_1_64' title='bbox 1194 627 1367 680; x_wconf 80' lang='lat' dir='ltr'>importen-</span> 
     </span>
     <span class='ocr_line' id='line_1_10' title="bbox 96 678 1368 733; baseline 0.002 -15"><span class='ocrx_word' id='word_1_65' title='bbox 96 681 160 718; x_wconf 83' lang='lat' dir='ltr'>dae</span> <span class='ocrx_word' id='word_1_66' title='bbox 174 680 438 730; x_wconf 68' lang='lat' dir='ltr'>aedificationis.</span> <span class='ocrx_word' id='word_1_67' title='bbox 458 679 672 731; x_wconf 89' lang='lat' dir='ltr'>Crepidinis</span> <span class='ocrx_word' id='word_1_68' title='bbox 693 678 851 718; x_wconf 82' lang='lat' dir='ltr'>firmitas</span> <span class='ocrx_word' id='word_1_69' title='bbox 874 679 935 717; x_wconf 92' lang='lat' dir='ltr'>vel</span> <span class='ocrx_word' id='word_1_70' title='bbox 959 678 1129 718; x_wconf 83' lang='lat' dir='ltr'>maxime</span> <span class='ocrx_word' id='word_1_71' title='bbox 1150 683 1368 733; x_wconf 88' lang='lat' dir='ltr'>requireba-</span> 
     </span>
     <span class='ocr_line' id='line_1_11' title="bbox 94 730 1368 787; baseline 0.003 -16"><span class='ocrx_word' id='word_1_72' title='bbox 94 744 171 780; x_wconf 81' lang='lat' dir='ltr'>tur,</span> <span class='ocrx_word' id='word_1_73' title='bbox 189 746 238 773; x_wconf 87' lang='lat' dir='ltr'>ne</span> <span class='ocrx_word' id='word_1_74' title='bbox 256 734 391 774; x_wconf 87' lang='lat' dir='ltr'>deinde</span> <span class='ocrx_word' id='word_1_75' title='bbox 405 732 526 786; x_wconf 81' lang='lat' dir='ltr'>pressa</span> <span class='ocrx_word' id='word_1_76' title='bbox 541 742 719 772; x_wconf 85' lang='lat' dir='ltr'>ventrem</span> <span class='ocrx_word' id='word_1_77' title='bbox 742 730 886 772; x_wconf 87' lang='lat' dir='ltr'>faceret</span> <span class='ocrx_word' id='word_1_78' title='bbox 897 761 907 778; x_wconf 84' lang='lat'>‚</span> <span class='ocrx_word' id='word_1_79' title='bbox 927 731 969 770; x_wconf 89' lang='lat'>&amp;</span> <span class='ocrx_word' id='word_1_80' title='bbox 986 732 1218 774; x_wconf 87' lang='lat' dir='ltr'>extrinsecus</span> <span class='ocrx_word' id='word_1_81' title='bbox 1233 735 1368 787; x_wconf 80' lang='lat' dir='ltr'>paula·-</span> 
     </span>
     <span class='ocr_line' id='line_1_12' title="bbox 93 785 1064 839; baseline 0 -14"><span class='ocrx_word' id='word_1_82' title='bbox 93 787 161 826; x_wconf 90' lang='lat' dir='ltr'>tim</span> <span class='ocrx_word' id='word_1_83' title='bbox 183 788 319 827; x_wconf 79' lang='lat' dir='ltr'>cedens</span> <span class='ocrx_word' id='word_1_84' title='bbox 334 788 487 827; x_wconf 88' lang='lat' dir='ltr'>ruinam</span> <span class='ocrx_word' id='word_1_85' title='bbox 504 788 575 826; x_wconf 91' lang='lat' dir='ltr'>toti</span> <span class='ocrx_word' id='word_1_86' title='bbox 597 787 708 839; x_wconf 88' lang='lat' dir='ltr'>operi</span> <span class='ocrx_word' id='word_1_87' title='bbox 729 785 895 825; x_wconf 83' lang='lat' dir='ltr'>afferret.</span> <span class='ocrx_word' id='word_1_88' title='bbox 920 785 1064 826; x_wconf 79' lang='lat' dir='ltr'><strong>GRON.</strong></span> 
     </span>
    </p>

    <p class='ocr_par' dir='ltr' id='par_1_4' title="bbox 146 839 1366 895">
     <span class='ocr_line' id='line_1_13' title="bbox 146 839 1366 895; baseline 0.002 -15"><span class='ocrx_word' id='word_1_89' title='bbox 146 842 219 880; x_wconf 82' lang='lat' dir='ltr'>ead.</span> <span class='ocrx_word' id='word_1_90' title='bbox 236 842 260 882; x_wconf 91' lang='lat' dir='ltr'>l.</span> <span class='ocrx_word' id='word_1_91' title='bbox 280 856 339 895; x_wconf 85' lang='lat'>13.</span> <span class='ocrx_word' id='word_1_92' title='bbox 353 842 508 891; x_wconf 72' lang='grc' dir='ltr'>Θάτεροι</span> <span class='ocrx_word' id='word_1_93' title='bbox 523 862 568 870; x_wconf 90' lang='lat'>--</span> <span class='ocrx_word' id='word_1_94' title='bbox 584 841 650 893; x_wconf 64' lang='lat'>3.)</span> <span class='ocrx_word' id='word_1_95' title='bbox 672 840 849 880; x_wconf 89' lang='lat' dir='ltr'>Alterum</span> <span class='ocrx_word' id='word_1_96' title='bbox 864 839 972 879; x_wconf 88' lang='lat' dir='ltr'>alteri</span> <span class='ocrx_word' id='word_1_97' title='bbox 986 840 1182 892; x_wconf 85' lang='lat' dir='ltr'>aequavit.</span> <span class='ocrx_word' id='word_1_98' title='bbox 1203 841 1366 885; x_wconf 62' lang='grc' dir='ltr'>δοῖ-ΑΝ.</span> 
     </span>
    </p>

    <p class='ocr_par' dir='ltr' id='par_1_5' title="bbox 95 892 1376 1921">
     <span class='ocr_line' id='line_1_14' title="bbox 148 892 1369 948; baseline 0.003 -16"><span class='ocrx_word' id='word_1_99' title='bbox 148 895 232 948; x_wconf 80' lang='lat' dir='ltr'>Pag</span> <span class='ocrx_word' id='word_1_100' title='bbox 246 895 368 947; x_wconf 86' lang='lat' dir='ltr'><em>298.l.</em></span> <span class='ocrx_word' id='word_1_101' title='bbox 389 892 571 944; x_wconf 62' lang='lat' dir='ltr'>1.“&#39;1&#39;4÷o·t</span> <span class='ocrx_word' id='word_1_102' title='bbox 588 916 633 923; x_wconf 91' lang='lat'><em>—</em></span> <span class='ocrx_word' id='word_1_103' title='bbox 648 893 944 947; x_wconf 67' lang='grc' dir='ltr'>κρατυνάμενος)</span> <span class='ocrx_word' id='word_1_104' title='bbox 962 894 1008 933; x_wconf 89' lang='lat' dir='ltr'>Et</span> <span class='ocrx_word' id='word_1_105' title='bbox 1033 895 1125 934; x_wconf 87' lang='lat' dir='ltr'>haec</span> <span class='ocrx_word' id='word_1_106' title='bbox 1144 895 1294 937; x_wconf 78' lang='lat' dir='ltr'>infititia</span> <span class='ocrx_word' id='word_1_107' title='bbox 1309 899 1369 938; x_wconf 86' lang='lat' dir='ltr'>vi-</span> 
     </span>
     <span class='ocr_line' id='line_1_15' title="bbox 97 947 1368 1002; baseline 0.004 -16"><span class='ocrx_word' id='word_1_108' title='bbox 97 947 247 988; x_wconf 86' lang='lat' dir='ltr'>dentur.</span> <span class='ocrx_word' id='word_1_109' title='bbox 268 949 440 989; x_wconf 79' lang='lat' dir='ltr'>GUYET.</span> <span class='ocrx_word' id='word_1_110' title='bbox 461 949 552 987; x_wconf 91' lang='lat' dir='ltr'>Non</span> <span class='ocrx_word' id='word_1_111' title='bbox 571 949 727 1001; x_wconf 91' lang='lat' dir='ltr'>accipio</span> <span class='ocrx_word' id='word_1_112' title='bbox 747 948 839 987; x_wconf 85' lang='lat' dir='ltr'>haec</span> <span class='ocrx_word' id='word_1_113' title='bbox 851 948 897 987; x_wconf 91' lang='lat' dir='ltr'>de</span> <span class='ocrx_word' id='word_1_114' title='bbox 910 947 1102 987; x_wconf 69' lang='lat' dir='ltr'>te&amp;orum</span> <span class='ocrx_word' id='word_1_115' title='bbox 1122 947 1299 1002; x_wconf 73' lang='lat' dir='ltr'>fastigii53</span> <span class='ocrx_word' id='word_1_116' title='bbox 1321 953 1368 991; x_wconf 85' lang='lat' dir='ltr'>de</span> 
     </span>
     <span class='ocr_line' id='line_1_16' title="bbox 95 1001 1368 1054; baseline 0.005 -14"><span class='ocrx_word' id='word_1_117' title='bbox 95 1003 236 1054; x_wconf 88' lang='lat' dir='ltr'>quibus</span> <span class='ocrx_word' id='word_1_118' title='bbox 266 1002 294 1041; x_wconf 80' lang='lat' dir='ltr'>si</span> <span class='ocrx_word' id='word_1_119' title='bbox 318 1003 379 1041; x_wconf 91' lang='lat' dir='ltr'>hic</span> <span class='ocrx_word' id='word_1_120' title='bbox 402 1003 545 1042; x_wconf 89' lang='lat' dir='ltr'>diceret</span> <span class='ocrx_word' id='word_1_121' title='bbox 562 1031 576 1048; x_wconf 94' lang='lat'>‚</span> <span class='ocrx_word' id='word_1_122' title='bbox 602 1002 848 1054; x_wconf 87' lang='lat' dir='ltr'>importunus</span> <span class='ocrx_word' id='word_1_123' title='bbox 874 1001 964 1041; x_wconf 88' lang='lat' dir='ltr'>mihi</span> <span class='ocrx_word' id='word_1_124' title='bbox 991 1002 1207 1043; x_wconf 83' lang='lat' dir='ltr'>videretur:</span> <span class='ocrx_word' id='word_1_125' title='bbox 1235 1004 1296 1044; x_wconf 89' lang='lat' dir='ltr'>sed</span> <span class='ocrx_word' id='word_1_126' title='bbox 1320 1007 1368 1046; x_wconf 88' lang='lat' dir='ltr'>de</span> 
     </span>
     <span class='ocr_line' id='line_1_17' title="bbox 96 1055 1369 1110; baseline 0.003 -16"><span class='ocrx_word' id='word_1_127' title='bbox 96 1057 288 1095; x_wconf 88' lang='lat' dir='ltr'>montium</span> <span class='ocrx_word' id='word_1_128' title='bbox 307 1057 403 1110; x_wconf 85' lang='lat' dir='ltr'>iugis</span> <span class='ocrx_word' id='word_1_129' title='bbox 418 1056 722 1108; x_wconf 72' lang='lat' dir='ltr'>circumpositis,</span> <span class='ocrx_word' id='word_1_130' title='bbox 746 1068 848 1108; x_wconf 89' lang='lat' dir='ltr'>quae</span> <span class='ocrx_word' id='word_1_131' title='bbox 869 1068 982 1108; x_wconf 85' lang='lat' dir='ltr'>portu</span> <span class='ocrx_word' id='word_1_132' title='bbox 997 1055 1103 1107; x_wconf 86' lang='lat' dir='ltr'>quafi</span> <span class='ocrx_word' id='word_1_133' title='bbox 1121 1058 1288 1108; x_wconf 83' lang='lat' dir='ltr'>quodam</span> <span class='ocrx_word' id='word_1_134' title='bbox 1313 1058 1369 1098; x_wconf 84' lang='lat' dir='ltr'>fa-</span> 
     </span>
     <span class='ocr_line' id='line_1_18' title="bbox 98 1109 1370 1163; baseline 0.002 -14"><span class='ocrx_word' id='word_1_135' title='bbox 98 1110 164 1149; x_wconf 73' lang='grc' dir='ltr'>ἂο</span> <span class='ocrx_word' id='word_1_136' title='bbox 181 1122 309 1150; x_wconf 88' lang='lat' dir='ltr'>tutum</span> <span class='ocrx_word' id='word_1_137' title='bbox 332 1123 354 1149; x_wconf 89' lang='lat' dir='ltr'>a</span> <span class='ocrx_word' id='word_1_138' title='bbox 375 1110 502 1150; x_wconf 88' lang='lat' dir='ltr'>ventis</span> <span class='ocrx_word' id='word_1_139' title='bbox 523 1110 693 1163; x_wconf 87' lang='lat' dir='ltr'>undique</span> <span class='ocrx_word' id='word_1_140' title='bbox 713 1109 943 1162; x_wconf 84' lang='lat' dir='ltr'>praestarent</span> <span class='ocrx_word' id='word_1_141' title='bbox 962 1110 1153 1149; x_wconf 87' lang='lat' dir='ltr'>balneum.</span> <span class='ocrx_word' id='word_1_142' title='bbox 1175 1111 1370 1153; x_wconf 81' lang='lat' dir='ltr'>Laudatur</span> 
     </span>
     <span class='ocr_line' id='line_1_19' title="bbox 96 1162 1371 1219; baseline 0.003 -17"><span class='ocrx_word' id='word_1_143' title='bbox 96 1162 160 1202; x_wconf 88' lang='lat' dir='ltr'>hic</span> <span class='ocrx_word' id='word_1_144' title='bbox 178 1165 378 1217; x_wconf 87' lang='lat' dir='ltr'>prudentia</span> <span class='ocrx_word' id='word_1_145' title='bbox 397 1164 561 1216; x_wconf 82' lang='lat' dir='ltr'>Hippiae</span> <span class='ocrx_word' id='word_1_146' title='bbox 585 1164 623 1202; x_wconf 87' lang='lat' dir='ltr'>in</span> <span class='ocrx_word' id='word_1_147' title='bbox 645 1163 819 1215; x_wconf 90' lang='lat' dir='ltr'>eligendo</span> <span class='ocrx_word' id='word_1_148' title='bbox 842 1163 932 1202; x_wconf 91' lang='lat' dir='ltr'>loco</span> <span class='ocrx_word' id='word_1_149' title='bbox 946 1192 957 1210; x_wconf 94' lang='lat'>‚</span> <span class='ocrx_word' id='word_1_150' title='bbox 976 1164 1038 1209; x_wconf 85' lang='lat'>&amp;‚</span> <span class='ocrx_word' id='word_1_151' title='bbox 1059 1175 1248 1216; x_wconf 87' lang='lat' dir='ltr'>quatenus</span> <span class='ocrx_word' id='word_1_152' title='bbox 1268 1179 1371 1219; x_wconf 83' lang='lat' dir='ltr'>opus</span> 
     </span>
     <span class='ocr_line' id='line_1_20' title="bbox 95 1216 1371 1270; baseline 0.003 -13"><span class='ocrx_word' id='word_1_153' title='bbox 95 1228 182 1257; x_wconf 87' lang='lat' dir='ltr'>erat</span> <span class='ocrx_word' id='word_1_154' title='bbox 193 1248 207 1265; x_wconf 91' lang='lat'>,</span> <span class='ocrx_word' id='word_1_155' title='bbox 227 1218 573 1259; x_wconf 85' lang='lat' dir='ltr'>accommodando.</span> <span class='ocrx_word' id='word_1_156' title='bbox 589 1217 715 1258; x_wconf 67' lang='lat' dir='ltr'>GEsN.</span> <span class='ocrx_word' id='word_1_157' title='bbox 734 1216 994 1270; x_wconf 86' lang='lat' dir='ltr'>Adscripserat</span> <span class='ocrx_word' id='word_1_158' title='bbox 1007 1217 1134 1258; x_wconf 87' lang='lat' dir='ltr'>Solan.</span> <span class='ocrx_word' id='word_1_159' title='bbox 1149 1219 1371 1261; x_wconf 88' lang='lat' dir='ltr'>conferend.</span> 
     </span>
     <span class='ocr_line' id='line_1_21' title="bbox 97 1270 1370 1325; baseline 0.003 -15"><span class='ocrx_word' id='word_1_160' title='bbox 97 1277 187 1310; x_wconf 76' lang='lat' dir='ltr'>Am.</span> <span class='ocrx_word' id='word_1_161' title='bbox 201 1285 237 1324; x_wconf 90' lang='lat' dir='ltr'>p.</span> <span class='ocrx_word' id='word_1_162' title='bbox 255 1273 352 1324; x_wconf 82' lang='lat'>236,</span> <span class='ocrx_word' id='word_1_163' title='bbox 368 1273 402 1311; x_wconf 94' lang='lat' dir='ltr'>id</span> <span class='ocrx_word' id='word_1_164' title='bbox 417 1272 492 1319; x_wconf 83' lang='lat' dir='ltr'>est,</span> <span class='ocrx_word' id='word_1_165' title='bbox 507 1278 716 1324; x_wconf 76' lang='grc' dir='ltr'>Δικοιστιιρ.</span> <span class='ocrx_word' id='word_1_166' title='bbox 734 1270 760 1311; x_wconf 93' lang='lat' dir='ltr'>s.</span> <span class='ocrx_word' id='word_1_167' title='bbox 771 1272 837 1310; x_wconf 89' lang='lat' dir='ltr'>Bis</span> <span class='ocrx_word' id='word_1_168' title='bbox 850 1270 985 1310; x_wconf 85' lang='lat' dir='ltr'>Aecus.</span> <span class='ocrx_word' id='word_1_169' title='bbox 999 1284 1032 1310; x_wconf 92' lang='lat' dir='ltr'>c.</span> <span class='ocrx_word' id='word_1_170' title='bbox 1049 1284 1107 1325; x_wconf 84' lang='lat'>33.</span> <span class='ocrx_word' id='word_1_171' title='bbox 1127 1272 1182 1311; x_wconf 93' lang='lat' dir='ltr'>Ibi</span> <span class='ocrx_word' id='word_1_172' title='bbox 1199 1287 1295 1313; x_wconf 88' lang='lat' dir='ltr'>vero</span> <span class='ocrx_word' id='word_1_173' title='bbox 1318 1275 1370 1314; x_wconf 75' lang='lat' dir='ltr'>le-</span> 
     </span>
     <span class='ocr_line' id='line_1_22' title="bbox 95 1324 1369 1379; baseline 0.002 -15"><span class='ocrx_word' id='word_1_174' title='bbox 95 1337 185 1377; x_wconf 81' lang='lat' dir='ltr'>gas,</span> <span class='ocrx_word' id='word_1_175' title='bbox 207 1330 314 1365; x_wconf 69' lang='grc' dir='ltr'>κατὰ</span> <span class='ocrx_word' id='word_1_176' title='bbox 333 1326 401 1366; x_wconf 68' lang='grc' dir='ltr'><em>τὴν</em></span> <span class='ocrx_word' id='word_1_177' title='bbox 421 1325 556 1376; x_wconf 55' lang='grc' dir='ltr'>ἆψίὲοι</span> <span class='ocrx_word' id='word_1_178' title='bbox 575 1324 795 1376; x_wconf 69' lang='grc' dir='ltr'><em>πετόμενον·</em></span> <span class='ocrx_word' id='word_1_179' title='bbox 817 1325 922 1377; x_wconf 89' lang='lat' dir='ltr'>quod</span> <span class='ocrx_word' id='word_1_180' title='bbox 945 1337 1025 1364; x_wconf 91' lang='lat' dir='ltr'>non</span> <span class='ocrx_word' id='word_1_181' title='bbox 1047 1327 1161 1365; x_wconf 88' lang='lat' dir='ltr'>video</span> <span class='ocrx_word' id='word_1_182' title='bbox 1180 1328 1269 1379; x_wconf 89' lang='lat' dir='ltr'>quid</span> <span class='ocrx_word' id='word_1_183' title='bbox 1290 1328 1369 1367; x_wconf 85' lang='lat' dir='ltr'>hue</span> 
     </span>
     <span class='ocr_line' id='line_1_23' title="bbox 96 1378 1371 1433; baseline 0.002 -15"><span class='ocrx_word' id='word_1_184' title='bbox 96 1378 235 1426; x_wconf 87' lang='lat' dir='ltr'>faciat,</span> <span class='ocrx_word' id='word_1_185' title='bbox 255 1393 325 1419; x_wconf 93' lang='lat' dir='ltr'>nec</span> <span class='ocrx_word' id='word_1_186' title='bbox 343 1380 551 1433; x_wconf 84' lang='lat' dir='ltr'>quidquam</span> <span class='ocrx_word' id='word_1_187' title='bbox 563 1380 699 1419; x_wconf 84' lang='lat' dir='ltr'>iuvare</span> <span class='ocrx_word' id='word_1_188' title='bbox 713 1379 758 1418; x_wconf 87' lang='lat' dir='ltr'>ad</span> <span class='ocrx_word' id='word_1_189' title='bbox 777 1379 1082 1418; x_wconf 85' lang='lat' dir='ltr'>emendationem</span> <span class='ocrx_word' id='word_1_190' title='bbox 1103 1380 1285 1427; x_wconf 77' lang='lat' dir='ltr'>arbitror,</span> <span class='ocrx_word' id='word_1_191' title='bbox 1301 1380 1371 1421; x_wconf 67' lang='lat' dir='ltr'>nisi</span> 
     </span>
     <span class='ocr_line' id='line_1_24' title="bbox 97 1432 1371 1486; baseline 0.002 -14"><span class='ocrx_word' id='word_1_192' title='bbox 97 1446 173 1486; x_wconf 90' lang='lat' dir='ltr'>pro</span> <span class='ocrx_word' id='word_1_193' title='bbox 198 1432 410 1484; x_wconf 72' lang='grc' dir='ltr'><strong><em>ἀποτόμοις</em></strong></span> <span class='ocrx_word' id='word_1_194' title='bbox 440 1446 599 1486; x_wconf 90' lang='lat' dir='ltr'>quoque</span> <span class='ocrx_word' id='word_1_195' title='bbox 619 1433 721 1473; x_wconf 87' lang='lat' dir='ltr'>aliud</span> <span class='ocrx_word' id='word_1_196' title='bbox 744 1432 971 1472; x_wconf 69' lang='lat' dir='ltr'>adieffivum</span> <span class='ocrx_word' id='word_1_197' title='bbox 996 1432 1243 1475; x_wconf 85' lang='lat' dir='ltr'>substituetis.</span> <span class='ocrx_word' id='word_1_198' title='bbox 1268 1435 1371 1474; x_wconf 88' lang='lat' dir='ltr'>Nam</span> 
     </span>
     <span class='ocr_line' id='line_1_25' title="bbox 96 1484 1372 1540; baseline 0.002 -14"><span class='ocrx_word' id='word_1_199' title='bbox 96 1487 164 1526; x_wconf 84' lang='lat' dir='ltr'>etsi</span> <span class='ocrx_word' id='word_1_200' title='bbox 183 1484 301 1540; x_wconf 51' lang='grc' dir='ltr'><em>ὕψεσι</em></span> <span class='ocrx_word' id='word_1_201' title='bbox 327 1510 372 1518; x_wconf 92' lang='grc'>-</span> <span class='ocrx_word' id='word_1_202' title='bbox 397 1487 673 1540; x_wconf 65' lang='grc' dir='ltr'>κρατυνάμενος</span> <span class='ocrx_word' id='word_1_203' title='bbox 697 1499 776 1526; x_wconf 91' lang='lat' dir='ltr'>non</span> <span class='ocrx_word' id='word_1_204' title='bbox 796 1486 993 1539; x_wconf 83' lang='lat' dir='ltr'>intelligo,</span> <span class='ocrx_word' id='word_1_205' title='bbox 1018 1487 1058 1526; x_wconf 74' lang='grc' dir='ltr'>δι</span> <span class='ocrx_word' id='word_1_206' title='bbox 1077 1486 1194 1536; x_wconf 61' lang='grc' dir='ltr'><em>ἀψῖσι</em></span> <span class='ocrx_word' id='word_1_207' title='bbox 1217 1489 1286 1528; x_wconf 86' lang='lat' dir='ltr'>hac</span> <span class='ocrx_word' id='word_1_208' title='bbox 1311 1502 1372 1528; x_wconf 89' lang='lat' dir='ltr'>ra-</span> 
     </span>
     <span class='ocr_line' id='line_1_26' title="bbox 99 1539 1371 1592; baseline 0.001 -12"><span class='ocrx_word' id='word_1_209' title='bbox 99 1541 208 1581; x_wconf 83' lang='lat' dir='ltr'>tione</span> <span class='ocrx_word' id='word_1_210' title='bbox 224 1541 359 1581; x_wconf 89' lang='lat' dir='ltr'>melius</span> <span class='ocrx_word' id='word_1_211' title='bbox 384 1542 640 1586; x_wconf 85' lang='lat' dir='ltr'>conveniret,</span> <span class='ocrx_word' id='word_1_212' title='bbox 661 1552 740 1579; x_wconf 88' lang='lat' dir='ltr'>non</span> <span class='ocrx_word' id='word_1_213' title='bbox 755 1550 882 1579; x_wconf 88' lang='lat' dir='ltr'>tamen</span> <span class='ocrx_word' id='word_1_214' title='bbox 903 1539 1093 1592; x_wconf 78' lang='lat' dir='ltr'>assequor,</span> <span class='ocrx_word' id='word_1_215' title='bbox 1114 1542 1205 1592; x_wconf 89' lang='lat' dir='ltr'>quid</span> <span class='ocrx_word' id='word_1_216' title='bbox 1224 1542 1371 1581; x_wconf 72' lang='grc' dir='ltr'><strong><em>ἀποτό-</em></strong></span> 
     </span>
     <span class='ocr_line' id='line_1_27' title="bbox 95 1593 1372 1647; baseline 0.002 -14"><span class='ocrx_word' id='word_1_217' title='bbox 95 1608 198 1644; x_wconf 77' lang='grc' dir='ltr'><em>μοις,</em></span> <span class='ocrx_word' id='word_1_218' title='bbox 213 1596 413 1647; x_wconf 86' lang='lat' dir='ltr'>proprium</span> <span class='ocrx_word' id='word_1_219' title='bbox 428 1594 514 1634; x_wconf 74' lang='lat' dir='ltr'>celsi</span> <span class='ocrx_word' id='word_1_220' title='bbox 527 1607 569 1634; x_wconf 81' lang='lat' dir='ltr'>ac</span> <span class='ocrx_word' id='word_1_221' title='bbox 583 1594 775 1646; x_wconf 80' lang='lat' dir='ltr'>praerupti</span> <span class='ocrx_word' id='word_1_222' title='bbox 787 1593 986 1644; x_wconf 85' lang='lat' dir='ltr'>epitheton</span> <span class='ocrx_word' id='word_1_223' title='bbox 999 1604 1079 1632; x_wconf 88' lang='lat' dir='ltr'>tum</span> <span class='ocrx_word' id='word_1_224' title='bbox 1094 1593 1218 1634; x_wconf 85' lang='lat' dir='ltr'>faciat.</span> <span class='ocrx_word' id='word_1_225' title='bbox 1232 1595 1372 1647; x_wconf 85' lang='lat' dir='ltr'>Quare</span> 
     </span>
     <span class='ocr_line' id='line_1_28' title="bbox 98 1646 1372 1702; baseline 0.002 -15"><span class='ocrx_word' id='word_1_226' title='bbox 98 1649 138 1688; x_wconf 90' lang='lat' dir='ltr'>in</span> <span class='ocrx_word' id='word_1_227' title='bbox 155 1649 315 1689; x_wconf 89' lang='lat' dir='ltr'>Gesneri</span> <span class='ocrx_word' id='word_1_228' title='bbox 332 1648 577 1702; x_wconf 77' lang='lat' dir='ltr'>expositione</span> <span class='ocrx_word' id='word_1_229' title='bbox 592 1646 876 1700; x_wconf 82' lang='lat' dir='ltr'>acquiescemus</span> <span class='ocrx_word' id='word_1_230' title='bbox 887 1677 901 1693; x_wconf 90' lang='lat'><em>,</em></span> <span class='ocrx_word' id='word_1_231' title='bbox 917 1648 1040 1686; x_wconf 91' lang='lat' dir='ltr'>donec</span> <span class='ocrx_word' id='word_1_232' title='bbox 1056 1647 1233 1687; x_wconf 86' lang='lat' dir='ltr'>meliores</span> <span class='ocrx_word' id='word_1_233' title='bbox 1246 1650 1372 1690; x_wconf 87' lang='lat' dir='ltr'>Codd.</span> 
     </span>
     <span class='ocr_line' id='line_1_29' title="bbox 97 1700 1373 1756; baseline 0 -14"><span class='ocrx_word' id='word_1_234' title='bbox 97 1703 203 1742; x_wconf 61' lang='lat' dir='ltr'>naeu</span> <span class='ocrx_word' id='word_1_235' title='bbox 224 1716 363 1743; x_wconf 91' lang='lat' dir='ltr'>verum</span> <span class='ocrx_word' id='word_1_236' title='bbox 385 1703 551 1756; x_wconf 81' lang='lat' dir='ltr'>apertius</span> <span class='ocrx_word' id='word_1_237' title='bbox 568 1702 785 1742; x_wconf 69' lang='lat' dir='ltr'>videamus.</span> <span class='ocrx_word' id='word_1_238' title='bbox 811 1700 865 1740; x_wconf 88' lang='lat' dir='ltr'>At</span> <span class='ocrx_word' id='word_1_239' title='bbox 890 1700 944 1748; x_wconf 88' lang='lat' dir='ltr'>fi,</span> <span class='ocrx_word' id='word_1_240' title='bbox 965 1701 1070 1753; x_wconf 90' lang='lat' dir='ltr'>quod</span> <span class='ocrx_word' id='word_1_241' title='bbox 1092 1702 1167 1740; x_wconf 82' lang='lat' dir='ltr'>iam</span> <span class='ocrx_word' id='word_1_242' title='bbox 1190 1701 1373 1755; x_wconf 69' lang='lat' dir='ltr'>suspicor,</span> 
     </span>
     <span class='ocr_line' id='line_1_30' title="bbox 102 1754 1373 1810; baseline 0 -14"><span class='ocrx_word' id='word_1_243' title='bbox 102 1756 265 1807; x_wconf 55' lang='grc' dir='ltr'>ἁψῖδες,</span> <span class='ocrx_word' id='word_1_244' title='bbox 278 1756 592 1802; x_wconf 71' lang='lat' dir='ltr'>subffluffiones,</span> <span class='ocrx_word' id='word_1_245' title='bbox 610 1755 690 1794; x_wconf 75' lang='lat' dir='ltr'>sive</span> <span class='ocrx_word' id='word_1_246' title='bbox 706 1767 907 1795; x_wconf 86' lang='lat' dir='ltr'>murorum</span> <span class='ocrx_word' id='word_1_247' title='bbox 933 1754 1191 1807; x_wconf 67' lang='lat' dir='ltr'>proieffiones</span> <span class='ocrx_word' id='word_1_248' title='bbox 1202 1785 1211 1801; x_wconf 75' lang='lat'>‚</span> <span class='ocrx_word' id='word_1_249' title='bbox 1226 1759 1373 1810; x_wconf 85' lang='lat' dir='ltr'>magnis</span> 
     </span>
     <span class='ocr_line' id='line_1_31' title="bbox 99 1808 1374 1864; baseline -0.002 -13"><span class='ocrx_word' id='word_1_250' title='bbox 99 1811 280 1852; x_wconf 82' lang='lat' dir='ltr'>aedificiis</span> <span class='ocrx_word' id='word_1_251' title='bbox 296 1811 515 1851; x_wconf 87' lang='lat' dir='ltr'>sustinendis</span> <span class='ocrx_word' id='word_1_252' title='bbox 527 1808 742 1849; x_wconf 78' lang='lat' dir='ltr'>extrorsum</span> <span class='ocrx_word' id='word_1_253' title='bbox 756 1808 922 1847; x_wconf 70' lang='lat' dir='ltr'>adiec‘tae</span> <span class='ocrx_word' id='word_1_254' title='bbox 934 1838 947 1855; x_wconf 90' lang='lat'>,</span> <span class='ocrx_word' id='word_1_255' title='bbox 961 1821 1055 1861; x_wconf 89' lang='lat' dir='ltr'>quas</span> <span class='ocrx_word' id='word_1_256' title='bbox 1072 1809 1292 1860; x_wconf 80' lang='lat' dir='ltr'>contreforterz</span> <span class='ocrx_word' id='word_1_257' title='bbox 1306 1825 1374 1864; x_wconf 86' lang='lat' dir='ltr'>ap-</span> 
     </span>
     <span class='ocr_line' id='line_1_32' title="bbox 98 1861 1376 1921; baseline -0.002 -15"><span class='ocrx_word' id='word_1_258' title='bbox 98 1865 303 1921; x_wconf 81' lang='lat' dir='ltr'>pellamus,</span> <span class='ocrx_word' id='word_1_259' title='bbox 316 1864 539 1918; x_wconf 76' lang='lat' dir='ltr'>significent,</span> <span class='ocrx_word' id='word_1_260' title='bbox 557 1864 653 1903; x_wconf 89' lang='lat' dir='ltr'>belle</span> <span class='ocrx_word' id='word_1_261' title='bbox 667 1864 848 1915; x_wconf 82' lang='lat' dir='ltr'>procedet</span> <span class='ocrx_word' id='word_1_262' title='bbox 862 1861 979 1912; x_wconf 59' lang='grc' dir='ltr'><em>ἇψίσι</em></span> <span class='ocrx_word' id='word_1_263' title='bbox 996 1863 1216 1913; x_wconf 69' lang='grc' dir='ltr'>ἀποτόμοις.</span> <span class='ocrx_word' id='word_1_264' title='bbox 1231 1864 1376 1904; x_wconf 72' lang='grc' dir='ltr'><strong>ΗΕΙΤΖ.</strong></span> 
     </span>
    </p>

    <p class='ocr_par' dir='ltr' id='par_1_6' title="bbox 101 1915 1383 2510">
     <span class='ocr_line' id='line_1_33' title="bbox 155 1915 1375 1969; baseline 0.001 -12"><span class='ocrx_word' id='word_1_265' title='bbox 155 1921 229 1959; x_wconf 81' lang='lat' dir='ltr'>ead.</span> <span class='ocrx_word' id='word_1_266' title='bbox 253 1920 276 1959; x_wconf 92' lang='lat' dir='ltr'>l.</span> <span class='ocrx_word' id='word_1_267' title='bbox 299 1921 335 1959; x_wconf 87' lang='lat'>6.</span> <span class='ocrx_word' id='word_1_268' title='bbox 353 1919 485 1958; x_wconf 68' lang='grc' dir='ltr'><em>Πυλὼν</em></span> <span class='ocrx_word' id='word_1_269' title='bbox 506 1918 575 1968; x_wconf 82' lang='grc' dir='ltr'><em>μὲν</em></span> <span class='ocrx_word' id='word_1_270' title='bbox 603 1916 781 1969; x_wconf 41' lang='lat' dir='ltr'>fictitiae)</span> <span class='ocrx_word' id='word_1_271' title='bbox 808 1916 1061 1956; x_wconf 86' lang='lat' dir='ltr'>Consuetudo</span> <span class='ocrx_word' id='word_1_272' title='bbox 1084 1915 1162 1956; x_wconf 87' lang='lat' dir='ltr'>fere</span> <span class='ocrx_word' id='word_1_273' title='bbox 1182 1917 1224 1956; x_wconf 87' lang='lat'>&amp;</span> <span class='ocrx_word' id='word_1_274' title='bbox 1248 1917 1375 1958; x_wconf 86' lang='lat' dir='ltr'>sensus</span> 
     </span>
     <span class='ocr_line' id='line_1_34' title="bbox 101 1970 1377 2024; baseline -0.002 -11"><span class='ocrx_word' id='word_1_275' title='bbox 101 1973 320 2013; x_wconf 89' lang='lat' dir='ltr'>communis</span> <span class='ocrx_word' id='word_1_276' title='bbox 343 1974 522 2012; x_wconf 89' lang='lat' dir='ltr'>virorum</span> <span class='ocrx_word' id='word_1_277' title='bbox 542 1970 744 2024; x_wconf 77' lang='lat' dir='ltr'>insignium</span> <span class='ocrx_word' id='word_1_278' title='bbox 769 1983 874 2009; x_wconf 83' lang='lat' dir='ltr'>tutos</span> <span class='ocrx_word' id='word_1_279' title='bbox 896 1971 943 2009; x_wconf 84' lang='lat' dir='ltr'>ab</span> <span class='ocrx_word' id='word_1_280' title='bbox 967 1970 1260 2022; x_wconf 79' lang='lat' dir='ltr'>reprehensione</span> <span class='ocrx_word' id='word_1_281' title='bbox 1287 1972 1377 2011; x_wconf 87' lang='lat' dir='ltr'>facit</span> 
     </span>
     <span class='ocr_line' id='line_1_35' title="bbox 104 2024 1376 2080; baseline -0.002 -13"><span class='ocrx_word' id='word_1_282' title='bbox 104 2028 179 2067; x_wconf 89' lang='lat' dir='ltr'>hos</span> <span class='ocrx_word' id='word_1_283' title='bbox 193 2028 441 2080; x_wconf 82' lang='lat' dir='ltr'>interpretes,</span> <span class='ocrx_word' id='word_1_284' title='bbox 458 2027 549 2066; x_wconf 90' lang='lat' dir='ltr'>dum</span> <span class='ocrx_word' id='word_1_285' title='bbox 566 2025 725 2065; x_wconf 62' lang='grc' dir='ltr'><em>πυλῶνα</em></span> <span class='ocrx_word' id='word_1_286' title='bbox 748 2036 906 2064; x_wconf 87' lang='lat' dir='ltr'>vertunt</span> <span class='ocrx_word' id='word_1_287' title='bbox 921 2024 1135 2076; x_wconf 77' lang='lat' dir='ltr'>vestibulum.-</span> <span class='ocrx_word' id='word_1_288' title='bbox 1160 2026 1211 2063; x_wconf 89' lang='lat' dir='ltr'>ita</span> <span class='ocrx_word' id='word_1_289' title='bbox 1229 2027 1376 2078; x_wconf 84' lang='lat' dir='ltr'>ubique</span> 
     </span>
     <span class='ocr_line' id='line_1_36' title="bbox 102 2077 1377 2136; baseline -0.002 -15"><span class='ocrx_word' id='word_1_290' title='bbox 102 2080 140 2121; x_wconf 69' lang='lat' dir='ltr'>id</span> <span class='ocrx_word' id='word_1_291' title='bbox 163 2081 246 2121; x_wconf 85' lang='lat' dir='ltr'>fieri</span> <span class='ocrx_word' id='word_1_292' title='bbox 266 2081 524 2136; x_wconf 83' lang='lat' dir='ltr'>deprehendo.</span> <span class='ocrx_word' id='word_1_293' title='bbox 549 2080 620 2119; x_wconf 89' lang='lat' dir='ltr'>Sed</span> <span class='ocrx_word' id='word_1_294' title='bbox 645 2092 743 2132; x_wconf 87' lang='lat' dir='ltr'>quae</span> <span class='ocrx_word' id='word_1_295' title='bbox 765 2078 970 2117; x_wconf 76' lang='lat' dir='ltr'>similitudo</span> <span class='ocrx_word' id='word_1_296' title='bbox 992 2077 1133 2118; x_wconf 89' lang='lat' dir='ltr'>Graeci</span> <span class='ocrx_word' id='word_1_297' title='bbox 1147 2079 1316 2118; x_wconf 66' lang='grc' dir='ltr'><em>πυλῶνος</em></span> <span class='ocrx_word' id='word_1_298' title='bbox 1331 2081 1377 2119; x_wconf 87' lang='lat' dir='ltr'>ad</span> 
     </span>
     <span class='ocr_line' id='line_1_37' title="bbox 105 2132 1379 2184; baseline -0.002 -9"><span class='ocrx_word' id='word_1_299' title='bbox 105 2134 332 2175; x_wconf 85' lang='lat' dir='ltr'>Romanum</span> <span class='ocrx_word' id='word_1_300' title='bbox 355 2133 611 2174; x_wconf 77' lang='lat' dir='ltr'>vestibulum?</span> <span class='ocrx_word' id='word_1_301' title='bbox 635 2134 674 2172; x_wconf 84' lang='lat'>&amp;</span> <span class='ocrx_word' id='word_1_302' title='bbox 698 2133 863 2172; x_wconf 83' lang='lat' dir='ltr'>maxime</span> <span class='ocrx_word' id='word_1_303' title='bbox 879 2133 1014 2177; x_wconf 83' lang='lat' dir='ltr'>huius,</span> <span class='ocrx_word' id='word_1_304' title='bbox 1028 2133 1095 2184; x_wconf 90' lang='lat' dir='ltr'>qui</span> <span class='ocrx_word' id='word_1_305' title='bbox 1115 2132 1248 2171; x_wconf 81' lang='lat' dir='ltr'>dicitur</span> <span class='ocrx_word' id='word_1_306' title='bbox 1268 2132 1379 2173; x_wconf 80' lang='lat' dir='ltr'>fuisse</span> 
     </span>
     <span class='ocr_line' id='line_1_38' title="bbox 110 2182 1378 2240; baseline -0.002 -12"><span class='ocrx_word' id='word_1_307' title='bbox 110 2187 275 2240; x_wconf 55' lang='grc' dir='ltr'>ὑψηλὸς,</span> <span class='ocrx_word' id='word_1_308' title='bbox 295 2189 336 2229; x_wconf 79' lang='grc' dir='ltr'>δι</span> <span class='ocrx_word' id='word_1_309' title='bbox 357 2188 562 2238; x_wconf 61' lang='grc' dir='ltr'><em>ἀναβάσεις</em></span> <span class='ocrx_word' id='word_1_310' title='bbox 584 2187 697 2240; x_wconf 77' lang='grc' dir='ltr'><em>ἔχων,</em></span> <span class='ocrx_word' id='word_1_311' title='bbox 710 2187 751 2227; x_wconf 87' lang='lat'>&amp;</span> <span class='ocrx_word' id='word_1_312' title='bbox 769 2182 906 2225; x_wconf 70' lang='grc' dir='ltr'>ὕπτιος</span> <span class='ocrx_word' id='word_1_313' title='bbox 921 2183 1070 2236; x_wconf 62' lang='grc' dir='ltr'><em>μᾶλλον</em></span> <span class='ocrx_word' id='word_1_314' title='bbox 1095 2186 1113 2225; x_wconf 67' lang='lat' dir='ltr'>»l</span> <span class='ocrx_word' id='word_1_315' title='bbox 1130 2185 1255 2237; x_wconf 65' lang='lat' dir='ltr'>’o‘p65052</span> <span class='ocrx_word' id='word_1_316' title='bbox 1278 2200 1378 2239; x_wconf 88' lang='lat' dir='ltr'>quae</span> 
     </span>
     <span class='ocr_line' id='line_1_39' title="bbox 109 2238 1381 2291; baseline -0.003 -8"><span class='ocrx_word' id='word_1_317' title='bbox 109 2243 238 2282; x_wconf 87' lang='lat' dir='ltr'>omnia</span> <span class='ocrx_word' id='word_1_318' title='bbox 261 2243 310 2282; x_wconf 87' lang='lat' dir='ltr'>ab</span> <span class='ocrx_word' id='word_1_319' title='bbox 327 2242 511 2283; x_wconf 88' lang='lat' dir='ltr'>Romano</span> <span class='ocrx_word' id='word_1_320' title='bbox 538 2242 726 2281; x_wconf 80' lang='lat' dir='ltr'>vestibulo</span> <span class='ocrx_word' id='word_1_321' title='bbox 751 2240 837 2279; x_wconf 88' lang='lat' dir='ltr'>sunt</span> <span class='ocrx_word' id='word_1_322' title='bbox 851 2238 1082 2279; x_wconf 83' lang='lat' dir='ltr'>alieniffima.</span> <span class='ocrx_word' id='word_1_323' title='bbox 1104 2239 1183 2279; x_wconf 87' lang='lat' dir='ltr'>Res</span> <span class='ocrx_word' id='word_1_324' title='bbox 1207 2239 1284 2291; x_wconf 85' lang='lat' dir='ltr'>ipsa</span> <span class='ocrx_word' id='word_1_325' title='bbox 1306 2241 1381 2279; x_wconf 81' lang='lat' dir='ltr'>cla-</span> 
     </span>
     <span class='ocr_line' id='line_1_40' title="bbox 106 2292 1383 2349; baseline -0.002 -12"><span class='ocrx_word' id='word_1_326' title='bbox 106 2308 200 2337; x_wconf 87' lang='lat' dir='ltr'>mat.</span> <span class='ocrx_word' id='word_1_327' title='bbox 227 2296 432 2349; x_wconf 85' lang='lat' dir='ltr'>Sequentia</span> <span class='ocrx_word' id='word_1_328' title='bbox 456 2296 506 2345; x_wconf 80' lang='lat' dir='ltr'>sic</span> <span class='ocrx_word' id='word_1_329' title='bbox 532 2295 787 2348; x_wconf 79' lang='lat' dir='ltr'>distinguenda</span> <span class='ocrx_word' id='word_1_330' title='bbox 813 2293 917 2333; x_wconf 88' lang='lat' dir='ltr'>sunt:</span> <span class='ocrx_word' id='word_1_331' title='bbox 941 2293 976 2333; x_wconf 82' lang='grc' dir='ltr'><em>ἐν</em></span> <span class='ocrx_word' id='word_1_332' title='bbox 993 2292 1168 2345; x_wconf 69' lang='grc' dir='ltr'><em>ἀριστερᾷ</em></span> <span class='ocrx_word' id='word_1_333' title='bbox 1187 2293 1321 2348; x_wconf 51' lang='grc' dir='ltr'><em>ὃὲχῶν</em></span> <span class='ocrx_word' id='word_1_334' title='bbox 1344 2294 1383 2333; x_wconf 66' lang='grc' dir='ltr'>ἐς</span> 
     </span>
     <span class='ocr_line' id='line_1_41' title="bbox 109 2346 1383 2402; baseline -0.004 -11"><span class='ocrx_word' id='word_1_335' title='bbox 109 2351 252 2402; x_wconf 55' lang='grc' dir='ltr'><em>τρυφὴν</em></span> <span class='ocrx_word' id='word_1_336' title='bbox 281 2351 645 2402; x_wconf 67' lang='grc' dir='ltr'>παρεσκευασμένων</span> <span class='ocrx_word' id='word_1_337' title='bbox 682 2349 890 2398; x_wconf 64' lang='grc' dir='ltr'><em>οἰκημάτων</em></span> <span class='ocrx_word' id='word_1_338' title='bbox 927 2346 1140 2399; x_wconf 67' lang='grc' dir='ltr'><em>(βαλανείῳ</em></span> <span class='ocrx_word' id='word_1_339' title='bbox 1168 2346 1204 2386; x_wconf 65' lang='lat'>&lt;9²</span> <span class='ocrx_word' id='word_1_340' title='bbox 1225 2348 1284 2386; x_wconf 77' lang='grc' dir='ltr'>οὑν</span> <span class='ocrx_word' id='word_1_341' title='bbox 1318 2348 1383 2386; x_wconf 76' lang='grc' dir='ltr'>καὶ</span> 
     </span>
     <span class='ocr_line' id='line_1_42' title="bbox 109 2398 1383 2455; baseline -0.005 -11"><span class='ocrx_word' id='word_1_342' title='bbox 109 2404 246 2444; x_wconf 65' lang='grc' dir='ltr'>ταῦτα</span> <span class='ocrx_word' id='word_1_343' title='bbox 272 2401 616 2455; x_wconf 57' lang='grc' dir='ltr'>πρεπωέέστοιτοι)</span> <span class='ocrx_word' id='word_1_344' title='bbox 640 2402 855 2455; x_wconf 74' lang='grc' dir='ltr'><em>χαρίεσσαι</em></span> <span class='ocrx_word' id='word_1_345' title='bbox 887 2401 950 2438; x_wconf 73' lang='grc' dir='ltr'>καὶ</span> <span class='ocrx_word' id='word_1_346' title='bbox 972 2399 1071 2451; x_wconf 74' lang='grc' dir='ltr'>φωτὶ</span> <span class='ocrx_word' id='word_1_347' title='bbox 1096 2398 1228 2448; x_wconf 71' lang='grc' dir='ltr'><strong><em>πολλῷ</em></strong></span> <span class='ocrx_word' id='word_1_348' title='bbox 1254 2415 1383 2439; x_wconf 55' lang='grc' dir='ltr'>κειταιΩ</span> 
     </span>
     <span class='ocr_line' id='line_1_43' title="bbox 111 2453 1382 2510; baseline -0.005 -11"><span class='ocrx_word' id='word_1_349' title='bbox 111 2459 359 2509; x_wconf 68' lang='grc' dir='ltr'><em>λαμπόμεναι</em></span> <span class='ocrx_word' id='word_1_350' title='bbox 381 2454 653 2510; x_wconf 59' lang='grc' dir='ltr'>ὑποχωρήσεις.</span> <span class='ocrx_word' id='word_1_351' title='bbox 673 2456 720 2495; x_wconf 86' lang='lat' dir='ltr'>Et</span> <span class='ocrx_word' id='word_1_352' title='bbox 739 2465 847 2494; x_wconf 82' lang='lat' dir='ltr'>verte</span> <span class='ocrx_word' id='word_1_353' title='bbox 860 2467 868 2492; x_wconf 86' lang='lat'>:</span> <span class='ocrx_word' id='word_1_354' title='bbox 883 2456 931 2492; x_wconf 81' lang='lat' dir='ltr'>ad</span> <span class='ocrx_word' id='word_1_355' title='bbox 940 2453 1068 2492; x_wconf 77' lang='lat' dir='ltr'>laevam</span> <span class='ocrx_word' id='word_1_356' title='bbox 1080 2468 1157 2491; x_wconf 81' lang='lat' dir='ltr'>vero</span> <span class='ocrx_word' id='word_1_357' title='bbox 1172 2454 1382 2493; x_wconf 72' lang='lat' dir='ltr'>conclavium</span> 
     </span>
    </p>
   </div>
   <div class='ocr_carea' id='block_1_4' title="bbox 107 2506 1383 2609">
    <p class='ocr_par' dir='ltr' id='par_1_7' title="bbox 107 2506 1383 2609">
     <span class='ocr_line' id='line_1_44' title="bbox 107 2506 1383 2564; baseline -0.005 -12"><span class='ocrx_word' id='word_1_358' title='bbox 107 2515 158 2553; x_wconf 72' lang='lat' dir='ltr'>ad</span> <span class='ocrx_word' id='word_1_359' title='bbox 170 2512 307 2551; x_wconf 82' lang='lat' dir='ltr'>delicias</span> <span class='ocrx_word' id='word_1_360' title='bbox 325 2523 591 2564; x_wconf 82' lang='lat' dir='ltr'>comparatorum</span> <span class='ocrx_word' id='word_1_361' title='bbox 616 2509 765 2564; x_wconf 83' lang='lat' dir='ltr'>(quippe</span> <span class='ocrx_word' id='word_1_362' title='bbox 785 2509 819 2548; x_wconf 70' lang='lat' dir='ltr'>G·</span> <span class='ocrx_word' id='word_1_363' title='bbox 833 2511 912 2547; x_wconf 68' lang='lat' dir='ltr'>haec</span> <span class='ocrx_word' id='word_1_364' title='bbox 926 2508 1042 2547; x_wconf 83' lang='lat' dir='ltr'>balneo</span> <span class='ocrx_word' id='word_1_365' title='bbox 1059 2506 1243 2560; x_wconf 82' lang='lat' dir='ltr'>apttffima)</span> <span class='ocrx_word' id='word_1_366' title='bbox 1258 2509 1383 2561; x_wconf 72' lang='lat' dir='ltr'>venusti</span> 
     </span>
     <span class='ocr_line' id='line_1_45' title="bbox 220 2559 1138 2609; baseline -0.009 -3"><span class='ocrx_word' id='word_1_367' title='bbox 220 2566 366 2608; x_wconf 76' lang='lat' dir='ltr'>Lucian.</span> <span class='ocrx_word' id='word_1_368' title='bbox 397 2565 476 2609; x_wconf 86' lang='lat' dir='ltr'><em>Vol.</em></span> <span class='ocrx_word' id='word_1_369' title='bbox 509 2564 597 2606; x_wconf 84' lang='lat' dir='ltr'><em>VII.</em></span> <span class='ocrx_word' id='word_1_370' title='bbox 1054 2559 1091 2598; x_wconf 89' lang='lat' dir='ltr'>N</span> <span class='ocrx_word' id='word_1_371' title='bbox 1113 2573 1138 2599; x_wconf 85' lang='lat' dir='ltr'>n</span> 
     </span>
    </p>
   </div>
  </div>
 </body>
</html>
