1956 3444
603 265 696 310 4m
802 247 1672 298 ANNOTATIONES

654 336 728 373 ead.
744 335 766 373 l.
784 335 840 373 16.
857 333 1164 385 Καταυλοὺμενος
1177 334 1194 387 )
1208 333 1266 373 Cf.
1282 334 1381 386 supr.
1400 334 1503 375 Phal.
1514 335 1590 381 I,c.
1604 351 1618 375 1
1630 350 1645 376 1
1663 335 1688 376 f.
1705 330 1866 378 sium:

657 388 749 438 Pag.
763 401 827 435 72.
842 389 862 425 l.
881 403 913 426 2.
927 388 1018 437 Hoep'
1031 388 1126 441 ἐμὲ)
1150 389 1323 427 Meminit
1339 389 1500 441 &Orig.
1520 403 1550 429 c.
1564 390 1664 430 Cels.
1681 405 1716 443 p.
1736 407 1804 445 50,
1825 408 1857 432 1.

601 439 674 479 Sed
690 442 739 479 ibi
757 440 1025 493 philosophum
1041 454 1118 480 non
1135 443 1328 482 nominat:
1347 455 1430 494 pag.
1450 457 1536 494 125,
1556 445 1863 489 1,Xenocratem

602 505 742 542 vocar,
759 495 812 533 uti
826 498 863 534 ὅι.
879 495 994 547 Diog.
1009 495 1133 534 Laert.
1148 496 1216 542 lV,
1230 509 1262 547 p.
1273 509 1344 534 100
1358 495 1403 535 C.
1416 497 1454 535 δι
1465 496 1551 535 Eus.
1562 497 1710 537 Chron.
1724 500 1864 539 Horat.

604 562 629 586 2
646 548 722 587 Sat.
741 563 778 600 3,
794 561 888 601 254:
907 571 950 578 -
959 547 1106 600 jbciejne
1117 553 1207 601 quod
1216 550 1293 588 olim
1305 551 1471 588 Mutatus
1491 552 1647 590 Polemon
1658 553 1678 590 Ρ
1701 551 1862 594 SOLAN.

658 604 732 640 ead.
749 603 770 639 l.
791 617 823 654 3.
843 606 935 653 Πρὸς
946 602 1034 641 τοὺς
1050 602 1240 653 παρόντας
1255 602 1327 640 τῶν
1343 601 1518 656 ἑταίρων)
1534 604 1793 653 Introducitur
1806 608 1863 646 A-

600 656 770 694 cademia
783 657 921 701 dicens,
933 656 1179 695 Polemonem
1195 655 1335 695 veniffe
1350 657 1394 695 ad
1410 657 1460 703 se,
1475 658 1562 696 dum
1580 660 1793 711 patentibus
1806 659 1864 699 fo-

600 709 706 749 ribus
721 711 765 748 de
783 711 923 748 virtute
937 710 976 748 &
997 710 1242 761 temperantia
1263 709 1363 748 forte
1375 710 1491 749 verba
1504 710 1663 751 faciebat
1674 715 1762 764 πρὸς
1776 713 1864 754 τοὺς

602 765 794 815 παρόντας
803 764 877 803 τῶν
892 762 1054 815 ἑταίρων·
1071 765 1095 802 i.
1113 776 1145 802 e.
1164 763 1368 802 secundum
1385 765 1627 817 interpretem
1639 795 1650 813 ,
1665 769 1760 819 apud
1773 769 1863 806 ami-

601 833 659 857 cos
669 817 869 868 praestares.
888 816 958 856 Sed
972 830 1042 869 pro
1059 819 1152 870 apud
1161 817 1287 856 amicos
1302 817 1437 856 reciius
1454 830 1621 858 verteres
1635 820 1678 858 ad
1701 820 1862 874 discipu-

600 871 671 910 los.
688 870 939 923 philosophos
952 872 1050 909 euim
1067 870 1264 922 discipulos
1278 870 1366 909 suos
1380 871 1582 911 modestiae
1596 873 1704 912 causa
1721 886 1863 915 vocare

601 924 841 965 consueviffe
855 923 1018 976 ἑταίρους
1033 926 1070 962 δι
1087 924 1287 973 ὁμιλητὰς,
1307 925 1353 962 ab
1364 924 1441 963 aliis
1454 925 1641 965 ostensum
1657 926 1720 966 est.
1733 928 1861 969 VITR.

655 982 728 1016 ead.
741 980 764 1016 l.
782 980 817 1017 6.
836 977 1008 1031 Συγχεῖν
1025 976 1122 1028 ἦμῶν
1135 976 1309 1029 ἐπειρᾶτο
1322 979 1386 1017 τὴν
1403 980 1608 1027 συνουσίαν,
1622 981 1863 1033 ἐπιταράξας

603 1031 651 1080 ’ϊῇ
670 1031 759 1084 ficii)
773 1032 963 1084 Interpres
973 1032 1180 1084 :perturbare
1190 1047 1251 1069 nos
1264 1034 1415 1070 tentabat
1424 1061 1433 1078 ,
1448 1046 1641 1072 conventum
1655 1034 1797 1074 clamore
1809 1036 1863 1074 in..

600 1087 825 1124 tertarhando.
840 1086 893 1123 At
912 1089 956 1123 ‘Tb
979 1084 1147 1137 συγχεῖν
1164 1097 1251 1124 cum
1268 1085 1354 1124 casu
1373 1085 1541 1125 secundo
1558 1099 1752 1140 nunquam
1767 1101 1864 1128 con-

599 1139 768 1178 struitur.
795 1138 990 1190 Deceptus
1017 1139 1084 1177 fuit
1110 1140 1292 1190 interpres
1315 1151 1434 1189 prava
1462 1139 1710 1180 distinetione.
1730 1142 1863 1182 Verba

599 1204 707 1232 erant
729 1192 985 1245 distinguenda
1010 1192 1083 1231 hoc
1109 1192 1245 1233 modo:
1273 1193 1440 1245 συγχεῖν
1469 1193 1569 1244 ἡμῶν
1597 1193 1766 1245 ἐπειρᾶτο
1792 1196 1861 1235 τὴν

600 1246 810 1292 συνουσίαν,
825 1245 1065 1297 ἐπιταράξας
1075 1244 1124 1295 τῆ
1136 1244 1214 1295 Boii.
1231 1245 1277 1284 Et
1289 1247 1471 1285 vertenda
1485 1260 1492 1283 :
1509 1247 1708 1298 confundere
1718 1250 1862 1301 nostrum

599 1302 789 1338 conabatur
801 1314 995 1339 conventum
1007 1330 1017 1345 ,
1033 1301 1147 1338 turbas
1169 1302 1281 1337 dando
1294 1300 1364 1350 fita
1385 1300 1635 1352 vociferatione.
1650 1303 1862 1342 VITRING.

598 1353 720 1393 Recte
745 1354 839 1392 vidit
859 1354 1056 1405 Vitringa3
1071 1365 1191 1406 quare
1213 1353 1555 1406 interpunctionem
1577 1355 1627 1394 ita
1645 1354 1728 1395 fieri
1749 1369 1863 1397 cura-

598 1408 665 1455 vi,
692 1419 736 1446 ut
753 1408 783 1446 is
806 1407 918 1446 iuffit.
941 1408 1086 1446 Rmz.

653 1464 724 1499 ead.
741 1461 764 1499 l.
786 1474 841 1500 12.
857 1459 1138 1514 Ἀνεγρὸμενος)
1155 1459 1214 1499 Sic
1234 1460 1272 1500 P.
1299 1461 1342 1500 In
1367 1460 1549 1514 impreffis
1571 1460 1862 1515 ἀνεγειρόμενος.

598 1515 757 1554 SOLAN.
774 1516 863 1553 Non
879 1515 1074 1567 repudiavi
1088 1515 1283 1566 vulgatam
1299 1545 1311 1561 ,
1327 1528 1428 1568 quae
1442 1515 1714 1568 ἀνεγειρόμενος
1727 1517 1862 1565 habet3

596 1569 658 1608 sed
676 1569 762 1620 quia
779 1569 826 1607 ad
841 1570 922 1607 Par.
939 1570 1031 1607 haec
1045 1567 1273 1617 describitur,
1286 1581 1473 1621 quatenus
1488 1569 1590 1608 bona
1611 1569 1686 1615 est,
1707 1571 1789 1610 eius
1807 1571 1862 1610 le-

600 1623 768 1662 aionem
786 1622 958 1670 servavi,
985 1634 1066 1661 tum
1090 1622 1180 1674 quia
1202 1622 1299 1661 Cod.
1322 1623 1360 1661 P.
1377 1635 1537 1675 quoque
1556 1622 1608 1662 fic
1633 1623 1806 1670 exhibet,
1821 1625 1863 1664 &

596 1677 686 1715 alibi
702 1676 839 1715 Noster
855 1677 903 1716 sic
917 1676 1009 1715 solet
1021 1706 1033 1722 ‚
1050 1687 1093 1714 ut
1107 1677 1224 1715 modo
1239 1676 1338 1716 Gall.
1355 1689 1386 1716 c.
1404 1691 1424 1715 2
1441 1677 1617 1716 vidimus.
1633 1677 1704 1717 Sed
1715 1688 1862 1718 utrum-

599 1743 675 1783 que
692 1731 788 1769 idem
807 1730 900 1777 effe,
916 1731 999 1782 quis
1011 1729 1150 1768 nescit?
1166 1730 1307 1769 Rmz.

655 1784 742 1837 Pag.
756 1799 817 1836 73.
833 1785 855 1822 l.
877 1798 909 1823 2.
928 1787 1021 1835 Πρῆς
1038 1781 1123 1833 ἐμοῦ
1137 1783 1152 1835 )
1165 1783 1246 1823 Cur
1258 1784 1319 1823 hic
1334 1783 1413 1823 edd.
1436 1782 1635 1824 excufferit
1647 1782 1775 1824 Solan.
1795 1784 1862 1824 ol·

596 1836 722 1877 facere
740 1851 800 1877 me
813 1839 940 1876 credo.
962 1838 1149 1876 Nimirum
1164 1840 1253 1890 πρὶς
1272 1837 1339 1887 ἐμὲ
1360 1837 1568 1890 quaestvit3
1584 1850 1652 1877 nec
1673 1838 1770 1878 adeo
1791 1838 1861 1877 im-

595 1892 756 1936 merito,
777 1902 818 1930 ut
836 1890 902 1938 fit,
924 1894 1084 1944 quomodo
1103 1890 1237 1943 affiHus
1248 1894 1297 1943 fit
1317 1905 1395 1943 erga
1410 1908 1470 1931 me.
1494 1890 1669 1931 Erasmus
1689 1893 1791 1931 enim
1816 1903 1861 1931 ut

596 1945 756 1985 Graecis
773 1946 1034 1993 auxiliaretur,
1049 1945 1219 1992 dederat,
1234 1961 1298 1999 quo
1307 1949 1404 1997 paHo
1426 1956 1454 1982 Α
1473 1956 1537 1983 ME
1551 1945 1747 1984 immutatus
1761 1956 1860 1998 atque

597 1999 806 2051 affiffusfit,
827 1998 1023 2037 Jao'estsrmt
1039 1998 1178 2051 paffive
1190 2000 1399 2051 accipiens:
1418 2000 1524 2051 quod
1540 2011 1618 2038 non
1635 1999 1745 2051 plane
1759 2012 1860 2051 nego

593 2052 674 2091 fieri
692 2052 814 2105 poffe:
834 2066 919 2091 nam
943 2052 1021 2091 sive
1044 2054 1220 2105 dispositus
1226 2053 1305 2104 sum
1327 2053 1446 2100 dicas,
1462 2052 1503 2091 &
1527 2065 1600 2105 pro
1621 2051 1768 2104 paffivo
1791 2053 1860 2091 ha-

596 2107 687 2145 beas
701 2137 711 2152 ,
727 2107 932 2152 fivei.1ce0,
954 2107 991 2145 δι
1009 2118 1185 2145 neutrum
1211 2119 1328 2146 voces
1341 2136 1350 2149 ,
1371 2119 1450 2145 non
1468 2107 1593 2158 magni
1618 2105 1859 2153 interfuerit,

596 2173 639 2199 ac
652 2164 740 2212 πρὶς
755 2174 840 2199 cum
858 2160 1030 2211 genitivo
1045 2159 1193 2211 paffivis
1206 2160 1246 2199 δε
1262 2159 1468 2213 paffionem
1485 2158 1781 2213 fignificantibus
1795 2161 1860 2199 ad-

593 2215 713 2252 ditum
733 2215 862 2252 valere
875 2216 941 2258 ab,
962 2226 1097 2252 verum
1118 2213 1181 2253 est.
1197 2214 1257 2253 Sic
1280 2213 1392 2265 supra
1416 2214 1509 2252 Icar.
1531 2227 1561 2253 c.
1579 2227 1620 2252 21
1643 2213 1668 2252 f.
1690 2217 1780 2266 πρὸς
1795 2209 1861 2252 αὖ·

595 2267 670 2305 τῶν
691 2267 1010 2320 γεωμετρουμένη.
1024 2268 1126 2306 Tim.
1146 2267 1161 2316 §
1184 2282 1206 2319 9
1225 2267 1249 2306 f.
1273 2266 1498 2316 ἀμεληθῆναι
1517 2270 1606 2318 πρὸς
1624 2265 1723 2316 ἧμῶν
1739 2265 1857 2319 (ἦμᾶς

594 2332 682 2359 ante
698 2322 847 2359 iecium.
861 2321 877 2373 )
893 2319 963 2359 Sed
977 2321 1110 2359 ibidem
1128 2322 1142 2369 ᾗ
1171 2335 1186 2372 5
1212 2322 1251 2360 δι
1269 2335 1329 2374 25,
1346 2324 1433 2372 πρὸς
1448 2334 1533 2359 cum
1549 2321 1662 2373 genit.
1679 2333 1750 2372 pro
1772 2319 1858 2361 ὑπό.

592 2375 686 2412 ltem
703 2375 717 2423 ἕ
738 2389 799 2425 15,
813 2371 919 2424 ὧςμὴ
936 2373 1081 2421 ὦφθείιιν
1097 2378 1185 2425 πρὸς
1198 2374 1309 2413 τινός.
1331 2375 1389 2413 Ne
1403 2374 1496 2413 alios
1517 2375 1625 2413 testes
1648 2374 1831 2413 adducam
1845 2405 1857 2423 ‚

592 2429 697 2479 quod
714 2429 751 2466 in
767 2429 926 2479 proclivi
941 2428 1047 2466 foret.
1065 2429 1118 2467 At
1134 2429 1290 2480 quando
1306 2427 1506 2477 ὃιάιιειμαι
1523 2426 1706 2480 significat
1722 2427 1858 2479 afflans

587 2482 667 2531 sum
691 2495 767 2532 erga
785 2483 950 2533 aliquem,
973 2494 1074 2520 certe
1097 2482 1189 2520 solet
1213 2479 1308 2519 οὕτω
1333 2481 1537 2531 διάκειμαι
1564 2486 1652 2533 πρὶς
1673 2485 1760 2520 τινὰ.
1787 2482 1856 2520 dici

593 2547 681 2574 cum
695 2534 937 2581 accusativo,
957 2548 998 2574 ut
1018 2535 1154 2575 Noster
1171 2536 1209 2574 in
1223 2534 1416 2575 Prometh.
1431 2548 1463 2576 c.
1481 2549 1550 2580 10,
1570 2536 1598 2575 οὶ
1614 2534 1784 2587 ανθρωποι
1799 2531 1858 2575 εὖ-
