1956 3444
606 249 696 298 570
799 230 1675 283 ANNoTAT·10NEs

653 321 736 360 ibid.
750 320 870 371 Οἱμὲν
889 318 975 361 οὗὲὲ
998 320 1067 361 τὴν
1093 319 1219 373 ἁρχῗτν
1244 318 1515 369 ἀφικνοῦνται)
1533 319 1790 372 Interpretes,
1809 318 1873 358 alii

601 390 641 413 ne
653 376 852 427 principium
869 377 998 427 quidem
1016 375 1212 426 attingunt:
1228 375 1295 426 qui
1309 373 1336 414 fi
1352 372 1443 413 effet
1464 373 1621 414 Luciani
1637 372 1776 418 sensUS,
1803 371 1872 412 sal-

601 438 680 467 tem
708 428 902 481 scripsisset
924 429 963 469 ἑς
985 429 1053 468 τὴν
1076 424 1209 481 ἀρχήν.
1226 427 1299 466 Sed
1319 428 1465 475 innuit,
1483 428 1551 465 alii
1567 428 1702 467 omnino
1723 442 1791 466 nott
1814 441 1873 465 ve-

603 482 714 521 niunt.
738 483 785 521 Et
799 483 848 522 fic
869 483 1007 522 reffxus
1026 483 1267 522 attenderunt
1291 481 1328 519 in
1345 481 1534 533 Fugitivis
1551 494 1633 532 cap.
1659 494 1675 518 ι
1688 494 1723 532 5,
1745 479 1870 534 ἀρχὴν

605 539 684 587 ’γὰρ
697 532 782 575 οὐδὲ
798 540 859 576 τὸν
878 536 1047 590 ἔλεγχον
1063 535 1260 589 δέχονται.
1280 535 1326 574 Et
1345 536 1383 573 in
1401 534 1611 586 Symposio
1628 548 1710 588 cap.
1730 533 1778 574 28
1802 535 1871 574 fin.

602 589 704 631 ὥστε
729 587 816 630 οὗέὲ
837 591 901 630 τῗιν
921 590 1044 643 ἀρχὴν
1064 590 1273 642 crapola-3021
1297 588 1410 640 ἠξίου.
1436 588 1582 628 GRON.

659 647 732 683 ead.
748 645 772 683 l.
792 658 822 695 5.
838 645 1099 689 Καταβοιντας
1115 645 1193 682 ἀπὸ
1208 641 1279 682 τῶν
1293 642 1425 696 {Ae-cp.)
1439 642 1542 682 Cum
1559 641 1742 682 allusione
1759 641 1805 681 ad
1816 641 1876 681 In·

604 699 676 738 dos
690 699 882 751 intelligit,
902 697 1067 750 superbo
1090 696 1255 749 quodam
1273 695 1418 735 fastidio
1439 695 1621 749 quosdam
1639 697 1775 736 venire
1795 696 1876 736 nol-

601 752 640 791 le
659 752 705 791 ad
722 753 927 792 audiendas
946 751 1031 791 suas
1046 752 1285 791 recitationes
1302 751 1365 789 vel
1379 751 1685 790 declamationes.
1700 749 1829 791 GEsN.

659 809 732 845 ead.
752 807 774 845 l.
791 821 827 853 7.
840 805 1020 846 Ἐπαινεῖν
1043 804 1248 856 τολμῶσι)
1272 805 1364 844 Non
1387 803 1441 842 est
1464 806 1522 844 hic
1541 804 1664 845 sermo
1691 805 1737 843 de
1757 804 1877 844 laudi-

606 860 679 900 bus
694 874 737 899 ac
752 859 901 912 plausu,
920 860 980 899 sed
1000 859 1214 912 simpliciter
1233 858 1278 896 de
1298 858 1473 897 audiendi
1488 858 1624 898 studio.
1640 858 1807 898 Videtur
1822 857 1878 897 se-

607 927 686 953 nex
703 915 894 954 Lucianus
915 913 1015 954 forte
1034 916 1079 952 ad
1098 914 1257 965 primam
1279 911 1472 951 fortunam
1499 913 1701 958 Rhetoris,
1719 925 1768 951 ex
1788 925 1878 964 pro-

607 981 789 1008 curatore
810 969 927 1019 partis
944 968 1140 1021 Aegypti,
1160 965 1351 1019 relapsus,
1372 965 1506 1018 (quod
1522 967 1617 1006 idern
1638 966 1765 1005 suadet
1788 979 1878 1018 pro·-
1898 968 1901 971 '

606 1023 710 1061 xima
742 1021 929 1074 praefatio
952 1021 975 1060 s.
998 1020 1216 1072 Hercules)
1236 1021 1367 1059 denuo
1396 1020 1513 1059 studia
1541 1021 1780 1060 audientium
1805 1020 1877 1061 hac

604 1075 845 1128 praefatione
864 1076 1032 1116 excitare
1057 1074 1229 1114 voluisse.
1253 1073 1462 1126 Querirur,
1484 1074 1667 1127 quosdam
1681 1104 1694 1120 ,
1716 1074 1849 1113 audito
1865 1104 1883 1121 ‚

604 1130 752 1170 ludicra
769 1143 789 1169 a
805 1129 840 1170 se
855 1130 943 1177 dici,
960 1131 1071 1182 plane
1091 1142 1170 1168 non
1188 1130 1336 1167 venire:
1357 1129 1468 1176 alios,
1485 1129 1553 1181 qui
1571 1128 1716 1167 ludicra
1728 1129 1881 1167 audien-

605 1184 642 1222 di
659 1184 820 1224 confilio
842 1185 1022 1231 veniant,
1045 1183 1144 1222 seriis
1168 1193 1316 1235 praeter
1331 1180 1434 1233 spem
1455 1183 1653 1228 turbatos,
1672 1195 1753 1221 non
1767 1182 1882 1221 aude-

602 1251 666 1277 re.
686 1268 695 1277 .
713 1268 722 1276 .
739 1238 830 1290 quid
848 1236 1136 1291 exspeEtamus?
1156 1238 1335 1275 laudarem
1350 1248 1397 1274 an
1411 1236 1510 1274 redire
1522 1238 1542 1274 ἓ
1562 1238 1678 1275 Redire
1691 1235 1880 1288 profesio,

606 1292 674 1331 niss
691 1293 939 1331 vehementer
953 1305 1014 1331 me
1028 1289 1121 1330 fallit
1136 1292 1297 1330 animus.
1314 1289 1410 1329 lllud
1429 1303 1547 1329 unum
1568 1291 1643 1343 agit
1657 1291 1719 1329 hic
1732 1321 1744 1339 ‚
1765 1302 1808 1329 ut
1827 1291 1884 1329 in-

608 1347 782 1385 auditum
805 1346 840 1385 se
861 1347 1054 1385 contemni
1070 1347 1304 1397 deprecetur.
1319 1344 1538 1396 Legendum
1559 1358 1654 1396 ergo
1678 1357 1751 1396 pro
1769 1344 1884 1382 {crat-a

609 1399 678 1443 κεῖν
705 1401 780 1440 levi
803 1398 1013 1439 discrimine
1040 1399 1260 1443 ἐπανιέναι,
1286 1398 1349 1437 vel
1378 1398 1582 1437 ἐπανεῖναι.
1607 1398 1750 1436 Infiniti
1780 1399 1887 1439 enim

608 1454 874 1499 circumflexi,
895 1454 1007 1506 quale
1023 1453 1112 1493 esset
1133 1451 1316 1500 ἐπανιεῖν,
1338 1452 1444 1503 quod
1465 1453 1532 1490 vix
1555 1452 1659 1503 apice
1674 1452 1822 1491 distaret
1835 1452 1887 1491 ab

610 1507 795 1556 ἐπαινεῖν,
814 1508 1033 1558 exemplum
1054 1506 1235 1547 defidero.
1254 1505 1371 1545 Certe
1387 1505 1464 1545 fine
1478 1505 1610 1546 fraude
1632 1505 1746 1546 fuerit
1769 1507 1884 1545 inter-

608 1563 866 1614 pretationem
881 1561 1017 1601 dedisse
1030 1592 1043 1608 ,
1062 1573 1160 1613 quae
1179 1572 1261 1599 non
1281 1573 1330 1598 ex
1352 1560 1533 1608 ἐπαινέω,
1556 1559 1617 1599 sed
1636 1573 1684 1600 ex
1704 1560 1888 1609 ἐπάνειμι-

608 1615 729 1654 ῐιειέἲε
744 1616 799 1655 fit.
817 1616 996 1655 Reditum
1020 1616 1081 1654 hic
1104 1616 1200 1667 peti,
1221 1628 1269 1653 ex
1293 1613 1557 1665 frequentiore
1580 1615 1706 1655 reditu
1728 1614 1885 1654 demum

610 1669 761 1709 laudem
784 1669 947 1721 sperari,
970 1669 1166 1722 sequentia
1185 1668 1269 1707 satis
1291 1668 1492 1707 declarant.
1511 1668 1636 1708 GESN.

669 1724 760 1776 Pag.
776 1738 859 1776 309.
875 1725 897 1762 l.
916 1739 948 1764 2.
965 1722 1055 1777 Οὐχ
1070 1724 1098 1761 ἃ,
1110 1726 1198 1773 πρὸς
1211 1726 1274 1761 τὸν
1289 1719 1571 1773 Διόνυσον)οὗκ
1591 1722 1882 1775 ἀπροσδιόνυσον

612 1777 678 1817 hic
704 1779 864 1817 omnino
890 1779 1090 1831 legendum
1108 1778 1269 1816 videtur.
1288 1775 1460 1816 GUYET.
1481 1775 1560 1816 Οὐκ
1576 1777 1886 1827 ἀπροσδιόνυσον,

611 1833 666 1872 ita
682 1845 722 1871 ut
738 1846 813 1885 ego
826 1843 912 1871 ante
927 1834 1169 1872 conieceram
1182 1862 1192 1878 ‚
1215 1830 1312 1869 Cod.
1331 1831 1373 1869 L.
1389 1830 1427 1869 δι
1448 1830 1533 1882 Bas
1550 1830 1737 1883 Reliquae
1751 1844 1888 1870 corru-

612 1899 678 1939 pte
695 1882 770 1937 οὔχ
789 1886 816 1924 ἃ
838 1890 928 1938 πρὸς
944 1891 1004 1925 τὸν
1028 1886 1212 1925 Διόνυσον.
1228 1884 1385 1924 SOLAN,
1410 1881 1500 1938 Οὐχ
1524 1884 1551 1923 a
1573 1888 1663 1937 πρὸς
1682 1887 1743 1924 τὴν
1765 1883 1886 1923 Διόνυ-

615 1941 708 1993 σον)
732 1942 870 1988 Miror,
888 1939 953 1992 qui
969 1940 1149 1979 sustinere
1169 1939 1206 1978 se
1225 1938 1276 1977 ita
1291 1939 1354 1978 diu
1377 1940 1543 1990 potuerit
1562 1950 1638 1977 tam
1662 1938 1819 1978 absurda
1838 1938 1888 1977 le-

616 1996 694 2036 &io
714 1996 754 2035 ὅ(
780 1995 1079 2046 ὰπροσέιὸνυσος.
1110 1993 1243 2033 Aufim
1267 2006 1344 2046 ego
1372 1992 1432 2031 vel
1454 2005 1588 2032 contra
1613 2006 1747 2034 omnes
1769 1993 1887 2032 libros

614 2048 825 2092 restituere,
849 2049 954 2099 quod
971 2049 1035 2087 vix
1051 2049 1183 2087 dubito
1197 2079 1208 2094 ‚
1230 2048 1324 2100 quin
1343 2047 1382 2085 in
1399 2048 1531 2100 aliquo
1543 2046 1725 2099 supersit,
1745 2047 1886 2097 οἱπροσ-

615 2102 794 2144 sibi-vomu.
810 2102 982 2141 Verbum
1010 2103 1082 2141 iam
1099 2102 1298 2142 Ciceronis
1313 2113 1435 2140 aetate
1448 2132 1458 2148 ‚
1479 2101 1580 2154 (vid.
1609 2101 1690 2140 Att.
1711 2100 1779 2148 16,
1798 2100 1886 2153 13.)

615 2169 664 2195 ne
681 2158 726 2195 de
752 2156 954 2196 Athenaeo
973 2157 1166 2203 dicamus,
1187 2168 1319 2195 notam
1339 2155 1458 2207 adagii
1484 2155 1668 2194 habebat:
1690 2155 1753 2194 hic
1775 2155 1889 2194 unice

615 2212 823 2258 convenit,
843 2223 932 2250 cum
959 2224 1060 2263 quae
1083 2210 1250 2262 sequitur
1274 2211 1464 2256 narratio,
1491 2222 1570 2248 non
1598 2210 1723 2249 minus
1739 2240 1750 2256 ,
1770 2222 1885 2260 quam

618 2278 718 2317 quae
734 2263 930 2316 praeceffit
941 2295 953 2311 ‚
967 2265 1012 2303 ad
1027 2265 1168 2304 Bacchi
1182 2264 1340 2304 comites
1355 2263 1393 2302 &
1413 2276 1532 2314 opera
1546 2263 1746 2312 pertineat.
1759 2262 1888 2302 GESN.

674 2319 753 2357 ibid.
770 2314 860 2357 085³
883 2315 928 2357 εἶν
944 2316 1117 2368 ποιοῦμεν
1137 2319 1328 2367 ἀλλότριον
1347 2317 1380 2357 ἐν
1396 2316 1510 2369 Ἰνὲ.)
1538 2315 1633 2357 Ods’
1650 2312 1695 2356 ὧν
1720 2315 1889 2357 ποιοῦσιν

620 2372 689 2411 ἀλ,
713 2373 746 2412 ἐν
770 2372 854 2412 Ἰνὲ.
869 2372 1024 2412 Patescit
1043 2373 1261 2411 narratione
1280 2371 1461 2423 sequenti.
1482 2372 1674 2410 MARCIL.

680 2430 752 2466 ead.
768 2428 791 2464 l.
810 2441 842 2479 3.
855 2426 908 2466 Ἐν
923 2425 1074 2478 Ἰνδοῖς)
1089 2425 1204 2466 Conf.
1219 2425 1430 2465 Hemsterh.
1448 2426 1491 2464 ad
1505 2426 1613 2477 Nigr.
1630 2424 1646 2474 ᾗ
1666 2438 1699 2476 ς,
1713 2425 1781 2464 ubi
1796 2437 1890 2475 pau-

620 2492 665 2519 ca
684 2480 868 2531 quaedam
896 2481 941 2520 de
963 2481 1102 2520 Bacchi
1118 2480 1355 2533 expeditione
1378 2479 1422 2517 ad
1441 2480 1554 2518 Indos
1573 2478 1755 2525 exorsus,
1778 2479 1889 2530 plura

620 2532 682 2573 hic
704 2535 825 2575 dicere
844 2534 1080 2584 minabatur3
1094 2533 1153 2575 sed
1167 2547 1264 2589 quae
1278 2534 1338 2574 ille
1355 2534 1415 2574 vir
1431 2534 1587 2575 aeturus
1602 2544 1703 2583 erat,
1717 2545 1791 2586 ego
1806 2543 1887 2573 non
