1956 3444
580 256 670 308 3ss
779 231 1656 283 ANNoTATtoNES

579 329 755 376 adeoque
769 322 860 361 nihil
876 322 935 361 hic
950 321 1136 367 abundat,
1155 319 1246 359 nihil
1257 320 1325 366 est,
1340 321 1445 373 quod
1460 320 1583 360 abeffe
1596 330 1730 373 queat.v
1747 314 1852 361 Inte*

578 383 648 420 rim
664 377 856 422 concedo,
868 376 958 415 nihil
970 377 1008 413 in
1019 375 1190 414 Luciano
1202 375 1426 414 mutandum
1441 387 1449 413 :
1466 388 1551 413 nam
1563 376 1604 414 ἃ
1614 374 1724 426 supra
1733 375 1852 427 Imag.

580 434 604 473 l.
617 447 648 473 c.
663 446 694 472 c.
707 447 746 485 9,
765 430 806 482 ἐξ
823 427 972 480 οὐρανοῦ
985 430 1148 476 additur,
1163 429 1251 468 licet
1268 429 1397 480 paucis
1408 427 1855 479 verbisjnterposxtismi-

580 488 742 527 mirum:
762 485 824 522 καὶ
839 482 1033 527 sn'orwee,
1047 478 1093 521 ὧς
1107 481 1266 527 ἀληθῶς,
1279 478 1351 521 οἶόν
1364 497 1403 520 τι
1420 481 1494 520 τῶν
1511 480 1553 527 ἐξ
1572 477 1719 533 οὐρανοῦ
1731 482 1854 535 ’γένοι-

582 557 639 581 το.
654 540 788 578 Alium
805 536 1066 590 pleonasmum
1083 536 1156 574 vid.
1171 535 1271 574 Dial.
1288 536 1469 587 proximo
1487 535 1587 575 Gall.
1601 548 1634 574 c.
1650 549 1698 574 20
1712 549 1762 574 m.
1777 538 1854 574 τὰς

583 592 788 647 <pm-sisae
805 587 945 635 αὐτῶν,
958 590 1004 629 ἃς
1018 589 1174 642 ἔχουσι,
1199 601 1313 641 quem
1331 588 1406 640 ipse
1421 588 1555 627 Davis.
1569 589 1706 640 probat
1718 619 1729 634 ,
1743 598 1788 628 ut
1801 588 1855 626 ibi

582 648 765 687 vidimus„
788 645 859 684 Sed
874 643 958 683 satis
970 643 1062 682 esto.
1088 643 1195 682 Alias
1210 642 1465 694 synonymias
1478 655 1545 694 per
1558 642 1854 681 coniunffiones

585 699 812 742 coniunctas
823 698 1033 737 videbimus
1045 697 1191 743 deinde,
1202 708 1272 734 nec
1286 706 1413 735 tamen
1423 696 1689 735 excusabimus
1697 708 1856 743 omnes;

584 769 673 795 nam
693 753 883 793 interdum
909 751 991 790 satis
1013 749 1172 802 frigent,
1188 761 1231 789 ut
1247 750 1335 789 iilud
1348 747 1422 790 iimo
1435 750 1496 788 καὶ
1509 751 1752 803 κατέρχομαι
1766 780 1777 797 ,
1800 749 1854 788 ob

584 810 691 863 quod
703 805 980 857 Aristophanes
992 804 1090 843 Ran.
1110 817 1124 841 1
1136 817 1150 842 1
1159 803 1207 855 87
1218 803 1455 855 Aeschylum
1469 804 1642 844 traducit.
1658 803 1731 842 Sed
1742 802 1857 843 Scho-

581 863 708 904 liastes
721 860 898 900 defendit.
923 859 1065 897 Rmz.

642 917 731 969 Pag.
745 930 780 962 4.
798 915 820 952 l.
840 928 871 966 3.
892 908 1139 964 Οὖρανιώνων)
1157 909 1338 962 Οὔρακίων
1351 911 1413 950 hic
1428 911 1528 950 male
1542 910 1650 951 scribi
1666 911 1703 949 in
1718 911 1774 949 FI.
1791 922 1858 963 pa-

585 981 640 1009 tet
655 983 702 1008 ex
718 968 881 1008 Homer.
895 966 935 1005 11.
956 970 1000 1012 A,
1017 978 1103 1018 570,
1120 967 1158 1004 &
1173 965 1320 1017 paffim:
1339 978 1426 1004 nam
1440 965 1530 1016 quia
1545 966 1661 1011 addit,
1674 964 1710 1004 se
1730 964 1857 1004 verbo

587 1023 803 1064 Homerico
821 1019 978 1060 usurum
990 1050 1001 1065 ‚
1016 1019 1237 1073 etiamwillud
1252 1019 1337 1057 inde
1351 1019 1567 1071 petendum.
1593 1019 1736 1058 Rmz.

644 1078 732 1129 Pag.
750 1089 782 1127 5.
796 1076 818 1113 l.
838 1087 851 1112 1
864 1088 895 1113 1.
914 1070 1101 1125 Ἀκίιρατα
1118 1069 1154 1113 ’ἡν
1165 1075 1221 1111 τὰ
1234 1071 1451 1125 ὠκύπτερα)
1472 1073 1721 1121 Βεηεάἰξὶυε,
1741 1072 1857 1112 celeres

589 1134 764 1183 erancfine
777 1144 850 1168 cera
859 1143 997 1180 pennae.
1026 1128 1080 1166 At
1094 1125 1186 1165 nulii
1201 1127 1309 1166 bono
1323 1127 1412 1166 istae
1426 1126 1579 1166 celeres.
1602 1126 1740 1179 Itaque
1756 1124 1859 1165 Eras-

589 1198 688 1232 mus,
705 1185 792 1222 citra
805 1183 911 1221 ullam
922 1197 1027 1220 ceram
1043 1194 1284 1233 erantpennae.
1302 1181 1386 1220 Nec
1400 1192 1525 1219 tamen
1540 1181 1576 1219 id
1588 1179 1758 1220 sufficiat.
1771 1181 1859 1218 Me-

589 1239 664 1278 lius
680 1236 874 1277 vertiffent
890 1236 965 1274 alae
976 1235 1039 1274 vel
1054 1250 1183 1286 pennae
1195 1235 1361 1274 volatiles.
1387 1235 1448 1274 Sic
1464 1247 1555 1274 mox
1570 1247 1656 1286 cap.
1673 1248 1738 1274 10:
1761 1235 1858 1286 Πρὶς

590 1296 712 1346 &upon
725 1290 803 1330 τοῖς
819 1288 1045 1340 ὠκυπτέροις
1057 1289 1181 1334 λαβας
1198 1303 1304 1328 τινας
1316 1287 1402 1327 ταῖς
1414 1288 1526 1341 χερσὶ
1539 1288 1860 1340 παρασκευάσας,

589 1344 810 1399 imperfee‘te
823 1344 966 1394 fhmmis
977 1343 1111 1394 pennis.
1135 1342 1236 1382 Vide
1255 1343 1301 1381 ad
1318 1357 1332 1381 1
1349 1343 1443 1382 Ver.
1465 1341 1558 1381 Hist.
1574 1355 1606 1381 c.¹
1630 1356 1688 1394 13.
1711 1341 1861 1383 GRON.

588 1397 634 1439 In
658 1398 949 1449 Icaromenippo
975 1396 1120 1436 inducit
1145 1396 1337 1435 Lucienus
1362 1397 1589 1448 Menippum
1616 1406 1832 1436 narrantem
1845 1424 1860 1442 ,

590 1453 915 1505 quemadmodum
940 1451 1010 1489 iter
1035 1462 1102 1502 per
1122 1450 1243 1489 nubes
1264 1450 1304 1489 ὅ(
1325 1449 1442 1489 fidera
1458 1450 1588 1489 fecerit
1602 1479 1611 1495 ‚
1632 1450 1674 1489 δε
1689 1450 1734 1488 ad
1748 1449 1860 1489 Deos

590 1507 694 1560 ipsos
709 1506 925 1559 penetrarit.
940 1505 992 1544 At
1009 1504 1046 1542 in
1060 1504 1169 1542 initio
1187 1504 1392 1551 rationem,
1407 1517 1484 1556 qua
1505 1504 1543 1541 in
1559 1504 1628 1542 hac
1643 1504 1860 1556 peregrina-

591 1563 699 1600 tione
713 1559 801 1599 usus
815 1558 899 1605 fuit,
914 1557 1075 1610 exponit
1091 1558 1245 1595 miranti
1258 1558 1425 1604 cuidam,
1437 1558 1640 1609 quomodo
1654 1557 1714 1597 ille
1726 1570 1862 1610 potue·

590 1615 640 1655 rit
649 1614 753 1653 istam
768 1613 803 1652 ἐν
813 1613 891 1652 τοῖς
901 1610 1252 1663 ἄστροιςποιεῖσὲςαι
1267 1609 1500 1661 ἁποὲημὶαν·
1511 1612 1756 1663 rogantique,
1765 1625 1858 1652 num

594 1681 675 1708 non
685 1668 864 1707 terruerit
873 1664 1090 1716 exemplum
1104 1664 1214 1711 Icari,
1224 1667 1293 1713 At,
1302 1665 1439 1717 inquit,
1451 1667 1583 1711 Icarus,
1591 1667 1711 1718 quippe
1718 1666 1859 1718 quialas

594 1738 668 1761 cera
683 1722 801 1760 allitas
820 1719 969 1772 gefferit,
987 1717 1133 1770 fimulac
1146 1719 1207 1757 illa
1221 1734 1296 1758 cera
1316 1722 1364 1758 ad
1369 1719 1477 1770 sblem
1489 1720 1554 1759 cito
1566 1719 1646 1771 effif
1657 1719 1861 1784 liquefizc‘la,

594 1792 666 1815 una
688 1791 763 1814 cum
785 1775 851 1812 alis
878 1773 1047 1824 delapsus,
1065 1785 1105 1810 ut
1116 1786 1188 1823 par
1203 1785 1289 1819 erat,
1308 1774 1443 1813 cecidit:
1464 1770 1547 1823 ἕνμῖν
1565 1773 1610 1813 ἑὲ
1625 1779 1800 1825 ακηρατα
1819 1767 1858 1816 viv

593 1833 646 1868 τα
662 1827 872 1879 ὠκύπτερα.
900 1826 1010 1878 Quid
1024 1826 1118 1865 haec
1131 1826 1262 1866 ultima
1273 1840 1319 1866 ex
1331 1828 1647 1880 praecedentibus
1659 1829 1760 1869 aliud
1778 1828 1864 1881 pos-

594 1883 681 1922 sunt
697 1893 847 1928 notare,
862 1894 993 1933 quam,
1011 1880 1108 1919 nobis
1120 1895 1196 1919 vero
1211 1882 1287 1921 alae
1299 1893 1393 1920 erant
1405 1897 1473 1920 non
1486 1883 1645 1922 ceratae?
1660 1882 1714 1921 At
1730 1882 1765 1921 id
1780 1896 1861 1923 non

594 1937 648 1976 est
661 1932 860 1987 ἀκήρατος,
876 1935 1017 1987 quippe
1029 1934 1135 1987 quod
1146 1947 1168 1972 a
1183 1935 1351 1987 κηραίνω,
1360 1936 1501 1987 perimo,
1522 1935 1729 1975 -deduEtum
1748 1935 1862 1989 figni-

595 1990 687 2030 flcat
703 1991 839 2043 integer,
843 1991 1010 2041 fincerus,
1025 1989 1223 2027 inviolatus.
1238 1989 1367 2029 Video
1384 1990 1576 2042 equidem,
1592 1989 1666 2029 hoc
1679 1989 1785 2030 sensu
1799 2002 1861 2031 to·

595 2044 707 2083 lerari
727 2042 831 2096 poffe
853 2044 950 2081 hanc
963 2055 1122 2090 vocem,
1138 2053 1182 2081 ut
1202 2042 1459 2095 fignificentur
1480 2044 1562 2084 alae
1577 2043 1863 2096 quafiinviola-

593 2110 678 2146 tae,
696 2096 854 2150 satisque
872 2096 1017 2136 firmae.
1047 2097 1102 2135 At
1115 2109 1264 2149 quanto
1278 2097 1497 2143 venustius,
1518 2110 1686 2150 cumque
1701 2112 1863 2150 praece-

595 2152 772 2192 dentibus
797 2151 1092 2190 convenientius
1103 2181 1116 2196 ‚
1136 2149 1162 2189 s1
1184 2153 1295 2190 unius
1318 2151 1447 2190 literae
1470 2153 1688 2192 mutatione
1711 2152 1861 2206 legatur

594 2206 783 2257 ἀκήρωτα.
801 2204 931 2257 Κηρὸω,
945 2220 1018 2244 cera
1028 2205 1143 2243 illino:
1156 2205 1242 2243 inde
1256 2206 1426 2254 κηρωτὺς,
1440 2219 1572 2244 ceratus
1582 2221 1597 2252 ,·
1620 2205 1710 2246 hinc
1723 2207 1862 2261 &mipen-

592 2274 670 2298 τος.
698 2260 797 2298 Nam
820 2270 923 2298 certe
944 2271 1177 2311 quamquam
1197 2258 1284 2310 quis
1298 2260 1529 2298 contendere
1543 2260 1658 2305 velit,
1679 2274 1745 2312 per
1766 2260 1861 2300 (5κὺ-

592 2328 719 2364 σττερα
733 2311 904 2363 ἀκήρατα
919 2311 1024 2364 poffe
1038 2312 1097 2352 hic
1109 2342 1120 2360 ,
1144 2323 1186 2351 ut
1201 2312 1298 2360 dixi,
1311 2314 1515 2352 commode
1529 2314 1686 2366 intelligi
1709 2315 1785 2354 alas
1803 2315 1860 2355 in-

591 2368 776 2415 violat353
791 2367 889 2405 haud
904 2367 1020 2405 dubie
1033 2377 1159 2405 tamen
1168 2379 1214 2405 ex
1229 2367 1553 2418 praecedentibus,
1564 2368 1602 2406 &
1612 2378 1694 2407 tota
1703 2369 1860 2409 antithe-

592 2420 621 2459 fi
632 2452 643 2466 ‚
656 2433 771 2472 quam
786 2419 874 2460 facit
886 2421 1092 2472 Menippus
1105 2419 1186 2459 suas
1201 2421 1299 2459 inter
1315 2421 1354 2460 δι
1369 2420 1464 2461 Icari
1477 2421 1566 2467 alas,
1582 2421 1767 2473 liquidum
1782 2423 1859 2471 est,

592 2476 789 2514 amtorem
806 2473 968 2514 voluiffe
981 2473 1165 2526 ἀκήρωτα.
1183 2473 1301 2525 Quae
1314 2476 1530 2514 emendatio
1544 2475 1671 2515 nostra
1683 2475 1709 2514 s1
1722 2476 1859 2527 probe-

591 2539 654 2567 tur
669 2528 716 2567 ab
733 2528 908 2575 eruditis,
932 2541 1043 2569 novo
1060 2528 1255 2569 vocabulo
1271 2528 1400 2581 lingua
1416 2529 1567 2571 Graeca
1578 2559 1592 2577 ,
1615 2540 1656 2569 ut
1669 2542 1774 2570 nunc
1787 2543 1859 2575 cos
