1956 3444
540 253 632 316 5&
739 250 1620 301 ANNOTATIONES

536 350 624 377 men
641 336 794 376 fatetur.
821 338 869 378 Et
890 351 1127 392 quamquam
1148 338 1291 385 {so'v-rqi
1314 352 1473 391 quoque
1493 339 1677 391 adspirate
1704 339 1822 382 hahet

537 390 610 432 ΜΓ.
624 404 753 446 unum,
761 391 940 437 Pollucis,
960 394 1129 433 editores
1141 394 1176 432 id
1189 393 1290 433 redte
1308 392 1546 445 spreverunt.
1563 394 1675 444 Apud
1691 395 1818 442 LXX,

543 460 557 484 1
576 444 674 483 Sam.
692 458 754 499 13,
771 458 833 491 21,
854 446 1005 485 ὀὲόντες
1023 448 1248 488 adhibentur
1262 447 1308 487 de
1325 447 1502 487 dentibus
1515 446 1663 498 fhlcium
1675 462 1691 495 ς
1708 447 1817 500 (nam

538 500 714 539 dentatae
730 498 843 538 falces
857 500 1055 553 veterum)
1071 511 1136 539 aut
1149 502 1195 539 de
1210 500 1340 548 furcis,
1355 512 1397 540 ut
1414 503 1475 539 alii
1493 512 1706 547 verterunt,
1721 502 1819 553 (Lu-

539 553 671 592 iherus
686 553 831 605 omifit)
848 554 975 593 Nostri
990 555 1090 593 limas
1102 557 1257 594 dentatas
1271 555 1407 595 dedere
1419 568 1468 595 ex
1487 555 1683 601 Hebraeo,
1697 567 1817 609 quam

538 606 642 648 rene
653 638 663 654 ,
678 620 759 647 non
773 608 944 660 inquiro.
964 607 1106 648 Rmz.

593 663 669 700 ead.
681 663 703 699 l.
720 675 778 708 14.
794 662 863 701 Καὶ
878 661 1084 703 ἀποτίκτει
1105 661 1308 715 σκώληκα)
1323 662 1417 702 Non
1442 662 1530 702 satis
1545 675 1593 702 ex
1613 661 1689 702 fide
1703 661 1819 704 histo-e

540 714 631 753 riae.
656 715 846 756 MARcu„

597 769 689 819 Pag.
705 783 792 823 327.
816 771 840 808 l.
863 784 901 817 4.
917 769 1200 823 namnetim-m)
1224 771 1419 817 Vermm,
1445 770 1648 821 obverfiztur.
1670 770 1812 818 Verte,

543 824 743 873 negotiatur.
757 823 927 864 Gom.
943 823 1045 863 Idem
1060 825 1172 871 addit,
1186 823 1400 876 ὑπέπτηχε
1412 823 1558 876 subfidit
1571 823 1644 867 effe
1659 836 1817 868 veneno,

544 877 633 915 dum
648 907 658 922 ‚
677 890 720 917 ac
738 878 821 916 dein
840 891 909 928 pro
924 883 1132 924 εοηιωὲἶαε,
1146 880 1363 931 sicbfidentes.
1387 878 1533 916 REITz.

597 932 678 970 ibid.
695 935 838 970 Num-‘oc
852 931 897 971 δὲ
915 932 1045 981 εἰρννην
1058 931 1153 984 αξγει
1166 963 1177 979 ,
1196 932 1258 970 καὶ
1279 931 1365 971 οὔτε
1388 933 1578 978 πέτεται,
1603 930 1687 970 οὔτε
1706 930 1818 985 ἶν’-ΣΗ)

542 982 692 1036 Pugnat
710 984 836 1025 secum
852 985 929 1037 ipse
945 984 1021 1024 fine
1036 987 1228 1025 encomii:
1250 998 1338 1024 nam
1357 986 1412 1023 cis
1431 998 1551 1036 pauca
1566 986 1734 1025 dicturus
1749 986 1818 1031 est,

543 1050 630 1077 eam
644 1037 742 1078 τοῖσι
760 1039 835 1077 τοῖς
850 1054 1083 1089 κοιμωμενοις
1103 1039 1168 1079 τοὺ
1184 1036 1301 1079 {imon
1318 1038 1457 1087 φθονεῖν
1473 1039 1547 1080 &c.
1567 1052 1704 1091 nempe
1725 1040 1818 1091 quia

544 1093 673 1133 turbat
689 1094 742 1132 eis
758 1092 935 1133 somnum
961 1093 1090 1132 morsu
1115 1094 1154 1132 δι
1169 1106 1297 1132 cantu.
1318 1093 1389 1132 Sed
1404 1094 1476 1132 dici
1491 1093 1614 1145 potest
1629 1124 1639 1141 ‚
1659 1106 1819 1147 genera-

542 1146 612 1185 tim
630 1159 790 1199 accepto
805 1146 956 1187 muscae
970 1149 1129 1188 nomine
1140 1178 1150 1191 ,
1168 1147 1210 1189 &
1225 1147 1370 1186 muscas
1386 1147 1426 1186 &
1445 1148 1583 1187 culices
1599 1148 1787 1186 contineri
1803 1177 1820 1193 ,

545 1201 586 1240 &
611 1199 734 1239 somni
753 1202 1015 1241 turbationem
1038 1201 1169 1241 referri
1183 1202 1229 1241 ad
1249 1201 1413 1247 culices,
1434 1200 1558 1242 noetis
1580 1202 1750 1254 quietem
1770 1201 1818 1241 ad

545 1253 693 1294 muscas
709 1255 810 1295 alias.
831 1256 1022 1294 MARCIL.

599 1311 671 1347 ead.
688 1310 710 1347 l.
724 1312 760 1349 6.
777 1308 976 1362 Ἀτρεμεῖ)
989 1309 1110 1361 Supra
1124 1307 1315 1348 Prometh.
1333 1311 1348 1361 §
1369 1323 1405 1356 7.
1420 1308 1519 1362 (iam
1535 1308 1550 1359 §
1568 1323 1582 1347 1
1599 1307 1646 1360 i.)
1660 1307 1817 1349 SOLAm

599 1366 674 1401 ead.
691 1362 712 1401 l.
736 1376 748 1400 1
763 1377 792 1401 1.
809 1363 973 1413 Ἀνδρέαν
987 1364 1006 1414 )
1022 1363 1058 1402 Si
1071 1363 1362 1403 Rhodomanno
1385 1363 1574 1403 credimus
1594 1364 1629 1401 in
1643 1362 1820 1403 Addend.

546 1416 592 1455 ad
608 1415 724 1456 Diod.
744 1416 818 1456 Sic.
842 1416 998 1468 ἁνέρείαι
1024 1416 1168 1469 [emper
1192 1416 1458 1464 scribendum,
1482 1418 1518 1455 δι
1547 1417 1596 1456 slc
1612 1416 1728 1458 Diod.
1744 1416 1819 1457 Sic.

546 1470 626 1517 XI,
640 1484 672 1510 c.
688 1486 725 1518 4.
740 1470 812 1510 Sed
826 1484 915 1510 cum
939 1470 1028 1511 ibid.
1044 1484 1125 1523 cap.
1140 1472 1163 1510 6
1183 1471 1239 1510 bis
1254 1471 1404 1523 legatur
1419 1470 1584 1523 disspiav,
1599 1482 1714 1521 atque
1729 1471 1819 1510 alibi

544 1523 781 1576 frequenter,
795 1524 942 1563 nihil&
964 1526 1025 1563 hic
1042 1526 1080 1563 in
1101 1526 1379 1576 orthographia
1396 1526 1632 1563 mutandum.
1650 1524 1817 1574 Ἀνδρείας

545 1578 797 1618 Herodianus
811 1579 978 1630 ubique,
998 1579 1089 1617 item
1105 1577 1133 1617 οἱ
1153 1579 1275 1618 LXX.
1296 1578 1443 1617 Aelian.
1458 1578 1616 1631 Epieiet.
1630 1578 1816 1630 Thucyd.

547 1633 664 1671 etiam
682 1631 911 1685 plerumque
921 1647 935 1680 3,
953 1633 1013 1672 sed
1039 1633 1078 1672 &
1100 1631 1237 1683 ἀνὲρία
1259 1632 1355 1673 idem
1370 1631 1444 1675 ΙΙΙ,
1465 1644 1498 1672 c.
1523 1633 1586 1671 82.
1602 1632 1662 1673 Ac
1676 1632 1816 1674 Noster

548 1686 594 1726 de
608 1686 698 1726 Salt.
714 1699 796 1739 cap.
813 1701 827 1725 1
839 1700 879 1732 2,
895 1687 960 1726 ubi
972 1685 1127 1737 &vspioer
1142 1699 1302 1738 quoque
1312 1699 1360 1726 ex
1376 1687 1461 1726 edd.
1476 1687 1630 1738 optimis
1642 1686 1818 1725 servavi-

548 1752 645 1779 mus.
656 1741 709 1780 Ut
725 1741 842 1792 igitur
857 1740 990 1780 frustra
1005 1741 1319 1780 Rhodomannus
1328 1742 1537 1788 contendit,
1550 1740 1707 1793 ἀνδρεία
1722 1739 1819 1780 sem-

547 1807 616 1849 per
634 1794 869 1835 scribendum
883 1825 894 1840 ,
910 1796 960 1834 ita
976 1796 1050 1834 iam
1068 1796 1194 1834 minus
1207 1796 1323 1834 etiam
1340 1807 1484 1835 certam
1499 1795 1621 1834 habeo
1635 1795 1818 1836 observa-

546 1850 694 1888 tionem
712 1848 892 1900 Stephani
917 1851 1153 1889 contrarium
1178 1849 1368 1889 docentis:
1392 1848 1454 1888 sed
1473 1860 1682 1902 utrumque
1706 1850 1818 1888 inve-

546 1904 620 1942 niri
643 1904 681 1942 in
702 1904 814 1943 editis
839 1904 945 1944 libris
968 1903 1082 1944 video
1091 1919 1104 1952 ;
1127 1902 1302 1955 &vspeioev
1331 1913 1461 1943 tamen
1486 1902 1610 1943 multo
1635 1902 1818 1957 frequen·

545 1957 634 1997 tius.
662 1957 806 1996 Rmrz.

601 2014 674 2050 ead.
689 2013 712 2050 l.
729 2026 787 2050 12.
800 2011 902 2050 Ἀλλ’
922 2011 937 2050 ὃ
955 2010 1336 2066 μεγαλοφωνότατος
1357 2010 1433 2051 τῶν
1454 2010 1619 2053 ποιητῶν
1637 2004 1816 2064 Ὅμηρος)

546 2062 810 2106 ‘Tmo-&Minor
840 2065 963 2105 fuiffet
991 2067 1092 2106 enim
1119 2067 1225 2105 ἄλλα
1249 2068 1311 2105 τὶν
1331 2065 1711 2115 μεγαλοφωνότατον
1741 2065 1816 2105 τῶν

547 2119 711 2158 ποιητῶν
731 2120 747 2158 ὁ
766 2114 923 2173 Ὅμηρος
951 2123 1013 2160 τὸν
1034 2122 1111 2175 ’γὰρ
1134 2119 1209 2160 διε.
1228 2119 1446 2169 'Onia-fimum
1472 2119 1539 2158 stili
1561 2121 1819 2171 properantis.

548 2173 738 2214 MARUL.
759 2174 847 2213 Vid.
874 2174 1036 2214 Marcilii
1059 2186 1215 2221 notam,
1244 2174 1307 2212 cui
1329 2173 1549 2220 subscribo,
1579 2186 1816 2226 quamquam

547 2227 708 2267 delendo
727 2226 888 2279 sequens
906 2229 985 2281 γὰρ
1004 2227 1149 2268 consuli
1172 2227 1376 2268 sententiae
1399 2227 1520 2277 poffit.
1544 2227 1702 2267 SOLAN.

603 2284 674 2321 ead.
700 2283 724 2320 l.
755 2295 812 2334 ¹3·
833 2285 898 2321 Τὸν
916 2284 994 2335 ’γὰρ
1024 2281 1202 2334 ἄριστον)
1230 2282 1351 2333 Atqui
1373 2282 1593 2321 Menelaum
1615 2282 1665 2319 ibi
1689 2280 1817 2320 laudat

549 2335 768 2382 Homerus,
804 2348 851 2374 ne
886 2349 973 2376 cum
1010 2336 1181 2374 Luciano
1206 2348 1332 2381 erres,
1363 2349 1443 2374 non
1473 2335 1659 2375 Achillem
1676 2348 1687 2381 ;
1708 2334 1816 2387 quod

547 2388 769 2429 Barnefium
781 2419 791 2433 ,
803 2390 854 2428 ibi
866 2389 911 2428 de
926 2390 1096 2429 Luciano
1110 2389 1249 2441 aliquid
1264 2402 1485 2428 monentem
1497 2420 1506 2434 ‚
1522 2389 1628 2441 fugit.
1644 2389 1816 2428 Turbat-

546 2456 623 2493 que
638 2444 667 2482 is
682 2444 876 2490 nonnihil,
899 2444 988 2483 dum
1009 2444 1138 2495 tragici
1153 2456 1184 2483 c.
1204 2456 1243 2482 11
1263 2443 1374 2482 allata
1395 2444 1510 2483 verba
1524 2456 1594 2494 pro
1609 2443 1664 2482 his
1677 2441 1814 2489 affert,

549 2497 590 2536 ἃ
604 2499 765 2548 apponit
785 2499 829 2535 ad
843 2510 921 2536 rem
937 2498 1087 2549 quidem
1108 2496 1208 2537 suam
1226 2497 1276 2535 ibi
1296 2497 1470 2536 facientia
1485 2528 1494 2544 ‚
1509 2497 1570 2535 sed
1589 2497 1744 2535 minime
1757 2497 1814 2534 in-

548 2551 709 2593 dicantia
728 2551 773 2592 ad
788 2551 891 2593 hunc
905 2552 1070 2595 Homeri
1085 2551 1216 2594 locum
1231 2565 1253 2594 a
1267 2552 1439 2593 Luciano
1459 2550 1633 2593 allusum.
1653 2551 1813 2593 SOLAN-
