1956 3444
326 279 409 324 IN
443 279 539 326 DE
574 278 991 327 PARASITO.
1198 294 1294 342 459

33 364 161 406 locum
182 365 412 406 emendasse:
433 378 473 406 at
489 367 666 406 mendum
689 365 764 413 est,
783 367 823 406 &
836 366 1096 414 manifestum3
1114 367 1293 405 emenda-

35 420 94 458 tio
110 432 205 460 vero
226 421 263 459 in
284 421 464 472 proclivi.
489 420 598 472 Quid
620 421 721 459 enim
737 419 790 459 est
805 420 872 460 τὴν
894 420 929 460 ἐν
943 419 990 468 τῇ
1010 420 1295 470 πόλειμέιχηνῑ,

38 472 243 524 Quaenam
259 474 329 513 fuit
341 486 385 513 ea
397 487 523 526 pugna
537 475 574 512 in
586 475 680 513 urbe
692 473 802 521 faeta,
822 474 860 512 in
875 487 950 524 qua
963 473 1141 513 Socrates
1156 473 1267 512 affuit
1279 475 1294 511 ἓ

37 526 79 568 δι
101 527 185 578 quis
203 526 380 567 Deorum
404 527 616 567 Parnethen
643 539 812 567 montem
840 539 861 565 a
885 528 1069 566 Boeotiae
1090 526 1228 565 finibus
1253 529 1293 566 in

35 579 207 621 Athenas
224 580 322 633 ipsas
333 580 682 633 transportaverat?
699 581 814 634 Lege,
829 579 911 632 lege
926 594 1014 620 meo
1028 581 1214 633 periculo,
1227 580 1294 619 τὴν

36 632 102 672 ἐπὶ
115 634 242 683 Δηλίῳ
262 637 414 686 μάχην.
429 635 482 673 Ea
495 633 581 680 fuit,
595 636 632 673 in
645 647 720 686 qua
732 635 906 674 Socrates
920 632 1121 684 ἠρίστευσε.
1137 634 1209 672 Sed
1224 635 1292 671 mi-

34 699 76 726 ra
89 686 140 725 est
152 688 226 726 hoc
240 688 328 727 loco
339 689 556 739 interpretis
567 688 797 727 confidentia
813 687 971 727 simul&
987 688 1216 740 ignorantia,
1229 688 1296 739 qui

0 733 1 754 ³
35 741 82 779 de
102 739 171 780 suo
193 741 349 787 addidit,
373 741 532 792 adversus
555 743 849 781 Lacedaemonios.
874 741 928 779 At
949 754 993 781 ea
1015 753 1142 793 pugna
1157 752 1294 780 contra

34 792 210 834 Boeotos
222 793 321 834 faeta
333 794 404 834 fuit
417 824 427 841 ,
451 795 493 833 &
505 796 610 847 quod
626 796 713 833 dicit
726 794 879 834 inferius
891 824 902 841 ‚
923 794 1026 846 ανθρὶ
1042 796 1267 845 Σπαρτιάτῃ
1282 824 1292 839 ,

34 847 81 887 ad
99 860 180 886 eam
196 861 363 901 pugnam
375 861 454 887 non
468 849 578 887 debet
590 848 732 888 referri.
749 848 879 887 Plures
898 848 942 887 de
954 861 999 887 ea
1011 860 1155 900 pugna,
1170 848 1210 887 &
1226 847 1296 887 So-

33 902 146 941 cratis
168 902 206 940 in
225 915 269 942 ea
284 901 499 941 strenuitate
513 902 632 942 locuti
653 902 760 941 sunt:
788 901 944 942 sufficiet
961 902 1006 940 ad
1021 901 1298 940 emendationis

0 966 3 991 'z
34 953 188 995 nostrae
202 955 539 995 confirmationem
557 956 744 994 Plutarch.
759 957 797 994 in
812 956 933 995 Alcib.
950 954 1002 994 ἔτι
1015 954 1060 995 ἑὲ
1072 953 1138 994 τῆς
1154 953 1216 993 &vri
1227 960 1300 993 An-

33 1008 103 1057 λίῳ
119 1009 258 1062 μάχης
272 1009 484 1062 γενομένης,
499 1010 563 1047 καὶ
584 1009 799 1063 φευγόντων
814 1009 1013 1055 Ἀθηναίων,
1028 1008 1129 1062 ἔχων
1142 1005 1263 1047 ἵππον
1279 1006 1295 1045 ὃ

35 1060 299 1109 Ἀλκιβιαὲης,
313 1061 379 1102 τοῦ
394 1062 439 1101 s‘e
459 1063 678 1113 Σωκράτους
691 1061 787 1114 ors&
805 1063 893 1113 μετ’
908 1063 1042 1116 ὀλίγων
1057 1060 1300 1115 ἀποχωροῦν-

0 1120 4 1165 ’ζ
35 1129 100 1155 τος
114 1111 150 1154 οὗ
166 1113 381 1168 παρήλασεν
398 1116 485 1155 ἰέὼν
499 1117 574 1156 &c.
596 1117 697 1155 Vide
716 1117 756 1155 δι
769 1116 959 1156 Laertium
975 1117 1014 1154 in
1033 1116 1202 1155 Socrate.
1223 1115 1299 1154 Ce-

4 1217 5 1221 ,
35 1179 163 1208 terum
177 1182 224 1208 ex
239 1170 434 1216 hocloco,
448 1171 576 1218 credo,
590 1169 760 1209 Ortelius
776 1170 811 1208 in
827 1169 896 1209 suo
912 1170 1053 1209 Lexico
1068 1170 1298 1221 imaginatus

34 1222 88 1262 est
102 1223 234 1262 urbem
249 1224 287 1262 in
301 1224 431 1263 Attica
444 1224 505 1262 vel
521 1237 659 1276 pagum
672 1255 683 1271 ‚
708 1225 862 1263 nomine
877 1224 1034 1275 Ταυρέου
1055 1223 1301 1273 Παλαίστρα.

5 1296 6 1304 1
34 1275 123 1315 Fuit
148 1278 252 1316 enim
272 1278 309 1315 in
332 1276 408 1330 ipsa
433 1278 527 1317 urbe
547 1278 708 1316 Athenis
729 1278 758 1316 is
779 1277 911 1323 locus,
932 1276 1061 1329 &ipse
1077 1276 1248 1315 Taureas
1269 1277 1300 1315 is

32 1328 130 1378 fuit,
158 1331 221 1370 cui
243 1331 457 1370 Alcibiades
480 1331 683 1383 colaphum
707 1331 862 1377 inflixit,
886 1332 931 1370 de
951 1331 1137 1381 choragio
1158 1340 1298 1369 contra

33 1395 123 1422 eum
136 1384 394 1425 immodestius
406 1385 665 1431 contendenti,
679 1395 722 1424 ut
736 1386 786 1424 ait
800 1385 896 1423 idem
912 1384 1134 1423 Plutarchus
1146 1383 1184 1421 in
1194 1384 1297 1421 Alci—

7 1470 8 1474 ,
31 1436 152 1477 biade.
183 1438 388 1478 Palaestrae
414 1448 521 1478 erant
542 1439 629 1478 loca
654 1439 692 1477 in
719 1438 897 1486 urbibus,
923 1439 988 1477 ubi
1010 1439 1170 1477 iuvenes
1190 1449 1300 1475 exer-

33 1491 218 1532 cebantur
247 1492 317 1532 sub
344 1491 513 1545 quodam
543 1494 861 1532 exercitationum
889 1490 1079 1544 magistro.
1110 1489 1170 1530 Sic
1198 1490 1299 1541 apud

7 1576 8 1583 ,
33 1544 201 1586 Theocr.
213 1545 325 1596 Idyll.
341 1560 361 1585 2
380 1546 570 1585 Simaetha
584 1545 753 1599 Delphin
768 1546 974 1597 Myndium
989 1544 1100 1584 suum
1117 1543 1298 1582 amasium

8 1589 9 1641 l
34 1598 184 1639 arcessit
203 1612 225 1639 e
245 1599 427 1652 palaestra
444 1600 635 1652 Timageti
659 1622 703 1630 -
729 1600 834 1639 ἀλλὰ
851 1598 1012 1650 μολοῖσα
1034 1597 1187 1650 Τήρησον
1207 1597 1298 1635 ποτὶ

8 1658 10 1678 l
33 1653 106 1692 τέιν
120 1650 353 1706 Τιμαγῆτοιο
369 1653 624 1703 παλαίστραν.
637 1655 738 1693 Τῆνεὶ
758 1656 836 1708 ’γὰρ
849 1651 979 1703 <potul
989 1653 1086 1692 τηνεὶ
1108 1651 1152 1689 s&
1166 1649 1204 1689 οἶ
1218 1650 1297 1690 &sb

9 1694 232 1755 l‘noeOHoboee.
245 1706 379 1746 PALM.
399 1708 488 1745 Vid.
507 1708 682 1759 Xenoph.
699 1721 734 1758 p.
755 1720 826 1760 253
841 1737 853 1753 ,
878 1720 946 1759 32,
971 1706 1010 1745 &
1024 1706 1204 1757 Thucyd.
1220 1705 1298 1750 IV,

10 1771 11 1809 j
37 1771 125 1799 101.
143 1760 420 1812 Expeditiones
440 1759 606 1800 Socratis
627 1772 889 1800 memorantur
905 1771 992 1798 tres.
1021 1761 1061 1806 1)
1080 1759 1297 1811 Amphipoli-

12 1846 13 1851 ,
34 1824 133 1858 tana,
153 1827 258 1853 anno
278 1815 392 1854 tertio
406 1814 471 1854 Ol.
487 1814 700 1854 LXXXIX.
724 1815 766 1867 2)
780 1815 1019 1864 Potidaeenfis‚
1038 1813 1083 1852 de
1097 1826 1173 1865 qua
1185 1812 1297 1851 Plato

11 1863 13 1904 l
35 1867 187 1908 &Plut.
205 1867 356 1908 diserte:
383 1866 544 1921 ἰσχυροῖς
570 1867 614 1906 s‘e
638 1869 837 1921 ’γενομένης
860 1868 1013 1920 μάχης,
1038 1864 1299 1918 ἦριστήθευσαν

12 1947 14 1965 s
35 1921 254 1974 ἀμφότεροι.
282 1922 502 1961 Alcibiades
529 1921 667 1960 scilicet
684 1921 725 1960 δι
739 1921 924 1960 Socrates.
955 1921 994 1973 3)
1012 1922 1122 1974 Apud
1133 1921 1298 1965 Delium,

12 1974 14 2016 l
33 1975 81 2014 de
93 1989 170 2028 qua
179 1975 331 2015 Tullius
348 1976 394 2015 de
409 1975 543 2014 Divin.
560 1975 586 2014 1.
601 1975 739 2015 Trium
763 1976 895 2014 harum
918 1974 1050 2012 diserte
1069 1973 1242 2013 meminit
1258 1973 1297 2011 in

13 2050 14 2075 i
35 2029 154 2082 Apol.
179 2030 279 2081 apud
302 2029 498 2069 Platonem
513 2029 667 2079 ed.Bafi
684 2043 720 2081 p.
741 2042 780 2067 11
805 2028 830 2067 f.
855 2028 1077 2068 Athenaeus
1101 2039 1226 2066 tamen
1240 2027 1296 2074 V,

8 2080 16 2130 l,
37 2094 55 2121 ι
67 2095 101 2133 5,
114 2094 229 2135 negat
243 2096 413 2136 unquam
428 2096 449 2121 a
459 2083 615 2123 Socrate
624 2092 847 2135 pugnatum.
860 2082 930 2121 Sed
944 2081 1029 2120 vide
1044 2091 1086 2120 tu
1097 2080 1298 2119 Casaubo-

14 2135 16 2163 i
34 2136 73 2174 ni
85 2136 460 2183 Anffladverfiones,
474 2138 511 2175 in
523 2136 662 2187 quibus
674 2136 863 2175 Athenaei
879 2136 1059 2175 iudicium
1075 2135 1147 2173 hac
1162 2136 1197 2172 in
1212 2147 1297 2184 par-

9 2167 16 2240 s}
33 2199 72 2229 te
85 2189 296 2230 luculenter
310 2190 505 2230 refellitur.
525 2191 681 2230 SOLAN.
702 2189 904 2242 Menagius
917 2190 962 2228 ad
975 2189 1112 2229 Laertii
1130 2189 1153 2226 1.
1168 2200 1198 2227 e
1214 2186 1294 2240 ipse

15 2241 194 2296 {quoque
218 2256 448 2296 corruptum
468 2246 521 2284 ait
541 2244 575 2282 h.
590 2244 614 2283 l.
642 2243 681 2283 δε
708 2244 782 2296 legi
806 2243 1004 2287 vum-‘triv
1028 2241 1296 2291 Ἀμφιπόλεως

16 2294 19 2373 l
33 2295 154 2389 §forte
165 2298 407 2339 commodius
420 2313 458 2337 τ.
475 2298 511 2337 ἐν
526 2297 776 2350 Ἀμφιπόλει)
790 2298 939 2350 μέιχνν,
964 2297 1011 2335 Et
1026 2296 1111 2335 sane
1137 2295 1242 2334 favet
1257 2296 1292 2334 ei

17 2376 18 2393 i
54 2351 208 2401 'partani
222 2352 348 2391 militis
362 2352 522 2398 mentio,
533 2364 646 2404 quam
662 2365 750 2390 cum
765 2352 834 2391 hac
848 2351 936 2402 fuga
949 2349 1144 2389 connectit
1158 2349 1293 2388 Lucia·

17 2434 18 2439 ,
33 2415 118 2443 nus.
136 2405 194 2443 Ad
206 2404 361 2446 Delium
381 2417 477 2444 vero
493 2410 571 2444 non
583 2417 715 2444 contra
727 2404 949 2457 Spartanos,
968 2403 1027 2442 sed
1040 2413 1174 2443 contra
1187 2402 1292 2441 The-

18 2457 19 2494 1
34 2455 158 2497 banos
172 2469 380 2510 pugnatum
392 2488 404 2504 ,
420 2458 575 2498 conflat.
599 2458 733 2497 Similis
748 2459 848 2497 ratio
865 2467 1015 2508 poterat
1030 2457 1141 2495 etiam
1158 2455 1292 2508 impel-

19 2508 111 2552 ›lere
125 2512 287 2563 aliquem
302 2542 313 2558 ‚
335 2523 377 2551 ut
393 2525 465 2564 pro
488 2512 523 2551 ἐν
545 2511 593 2558 ‘ti
606 2513 717 2551 πόλει
741 2511 947 2564 suspicetur
961 2510 1161 2561 legendum
1187 2509 1221 2548 ἐν
1241 2508 1291 2558 τῆ

19 2564 240 2615 Ποτιδαίᾳ,
256 2566 323 2607 ubi
339 2566 452 2606 etiam
467 2578 556 2605 cum
567 2565 874 2605 Lacedaemoniis
888 2578 949 2604 res
964 2564 1046 2603 fuit.
1072 2563 1183 2613 Quin
1196 2574 1289 2604 erat,
