1956 3444
580 232 674 288 466
775 221 1650 271 ANNOTATIONES

585 316 620 353 6’
630 314 758 353 misitne
766 312 1095 363 meticulofifhrerzt5
1109 313 1200 361 quod
1210 311 1243 348 ὢ
1260 310 1493 362 α’κρατισμὶν
1505 310 1728 363 appellarunt.
1745 309 1852 352 ῙΕΝΒζ

637 371 710 406 elad.
725 368 747 405 l.
768 368 804 405 ὃ.
826 366 876 405 Οὐ
900 368 992 419 γὰρ,
1017 365 1132 417 ἀλλ’)
1155 365 1195 402 Id
1220 363 1297 409 est,
1312 379 1379 402 non
1399 364 1484 403 enim
1505 366 1567 401 hoc
1585 363 1700 414 fialam
1713 363 1822 415 fizciet
1837 395 1850 412 ,

578 420 642 473 sed
662 421 760 459 etiam
780 421 854 459 ἃς.
881 418 1062 471 Exempla
1078 418 1305 470 quaerenda.
1328 417 1494 457 GUYET.
1513 417 1658 456 Ienfius
1677 417 1850 471 transpo-

583 475 711 513 nendo
742 474 835 513 haec
852 472 1018 514 sananda
1040 483 1172 524 putat3
1193 471 1253 510 sed
1283 471 1447 509 addenda
1470 482 1618 509 tantum
1642 472 1792 510 vocula
1817 471 1851 510 εἰ

583 527 670 580 post
704 525 903 572 ἑστιάσει,
933 526 1034 565 unde
1065 525 1206 564 excidit
1227 554 1238 572 ,
1273 524 1362 576 quia
1390 524 1542 563 eaedem
1571 525 1704 563 literae
1735 524 1852 576 ipfius

585 581 754 620 voculae
786 580 872 619 sunt
908 579 1017 618 simul
1051 579 1148 617 illius
1182 578 1288 616 verbi
1314 578 1482 616 ultimae.
1515 577 1572 615 Ita
1597 590 1694 616 vero
1724 577 1853 617 sensus

586 636 676 673 erit:
705 637 830 673 Nonne
852 635 901 672 ita
924 635 997 686 est?
1016 634 1121 671 Immo
1145 646 1238 684 quem
1258 631 1292 669 ἰη
1315 632 1398 669 bello
1417 645 1570 683 pugnare
1599 631 1652 669 ait
1679 631 1855 682 Ulyffes,

587 704 660 726 eum
683 689 823 740 excipiet
835 689 932 739 prius
961 687 1082 737 epulis,
1100 686 1198 723 ctiam
1214 703 1225 723 l
1253 684 1417 736 confestim
1435 701 1457 723 a
1473 684 1584 737 prima
1606 685 1680 723 luce
1700 699 1852 737 pugnare

585 755 748 792 oporteat.
779 741 916 780 Pthz.
946 741 992 778 ad
1016 739 1164 777 Aelian.
1185 740 1239 777 V.
1262 739 1311 777 H.
1337 738 1455 785 VIII,
1485 752 1544 776 12.
1567 738 1659 776 Vid.
1689 739 1854 778 Homer.

586 796 688 834 Iliad.
704 799 748 840 T,
766 796 836 833 162
855 795 896 833 δε
911 807 998 846 230.
1010 793 1082 831 Sed
1097 792 1319 844 perturbata
1341 792 1403 830 hic
1419 794 1514 830 adeo
1536 790 1620 830 sunt
1635 792 1789 838 omnia,
1807 801 1852 830 ut

587 850 656 887 vix
681 849 801 887 aditus
825 859 948 899 pateat
973 846 1019 884 ad
1042 847 1356 884 emendationem.
1379 845 1484 896 Lego
1507 856 1633 884 tamen
1656 845 1690 883 κ’
1709 844 1754 884 ἂν
1780 859 1854 898 pro

584 902 667 941 καί.
691 902 848 942 SOLAN.
870 900 998 939 Primo
1020 900 1110 938 illud
1128 895 1165 937 εὖ
1181 902 1259 951 γὰρ
1283 898 1371 936 ἀλλ’
1392 898 1476 937 solo
1497 899 1611 937 etenim
1630 898 1788 938 reddidi:
1810 910 1855 939 ut

584 957 666 994 hoc
679 957 818 1006 pariter
838 956 878 995 ἃ
897 954 1025 993 multis
1037 953 1114 991 aliis
1133 953 1228 991 locis
1243 952 1344 990 recte
1363 951 1503 991 factum
1519 953 1566 991 ab
1582 952 1854 1004 interpretibus

586 1009 683 1047 aliis.
707 1009 855 1059 Nempe
878 1006 1192 1046 asseverationem
1217 1006 1407 1057 quandam
1429 1005 1541 1044 hahet
1558 1004 1624 1043 ista
1644 1005 1853 1056 particula-

589 1075 675 1100 rum
692 1060 936 1108 εοηὶιιηὲὶὶο,
959 1059 1063 1112 quasi
1078 1070 1118 1098 tu
1137 1060 1258 1104 dicas,
1272 1075 1338 1097 non
1355 1061 1397 1112 ⁶-st
1410 1060 1529 1106 aliter;
1546 1058 1616 1109 sed.
1633 1059 1678 1097 Et
1697 1059 1854 1099 videtur

590 1115 685 1154 haec
699 1114 893 1166 supplendi
904 1114 1002 1152 ratio
1020 1113 1266 1153 commodior
1276 1113 1509 1164 breviorque
1520 1112 1581 1150 illa
1592 1112 1723 1159 altera,
1735 1126 1854 1165 quam

588 1167 810 1221 scrupulosa
825 1168 936 1206 nimis
946 1167 1140 1219 diligentia
1154 1179 1201 1206 ex
1217 1164 1298 1219 ipso
1314 1166 1502 1205 orationis
1514 1176 1701 1206 contexto
1720 1179 1857 1207 eruere

591 1223 704 1261 docet
720 1222 924 1261 Devarius.
941 1220 1090 1260 Deinde
1105 1233 1184 1259 non
1198 1229 1297 1272 puto
1314 1232 1415 1271 opus
1436 1219 1510 1259 effe
1531 1219 1590 1257 illa
1603 1250 1614 1266 ‚
1633 1232 1748 1272 quam
1770 1219 1856 1259 sua-

589 1276 705 1314 debat
726 1277 787 1314 vir
803 1276 936 1314 doetus
948 1305 959 1323 ,
978 1274 1188 1313 verborum
1211 1272 1500 1326 transpositione
1514 1301 1524 1319 ‚
1538 1272 1599 1312 sed
1614 1286 1655 1312 ut
1678 1274 1856 1313 immuta-

590 1342 634 1368 to
650 1340 800 1368 tantum
820 1330 945 1381 apice,
961 1341 1033 1380 pro
1049 1328 1112 1366 καὶ
1137 1325 1235 1367 εὐθὺς
1259 1327 1428 1378 legamus
1452 1325 1520 1376 κᾷν
1543 1322 1655 1366 εὗθὺς.
1673 1327 1735 1366 Est
1748 1326 1854 1380 quafi

590 1382 787 1434 gradatio:
811 1395 926 1435 quem
948 1394 1117 1433 pugnare
1138 1381 1241 1419 iubet
1264 1380 1417 1431 Ulyffes
1431 1411 1444 1428 ‚
1463 1393 1551 1419 eum
1575 1380 1659 1420 vult
1674 1391 1786 1420 antea
1807 1381 1859 1421 ci-

592 1437 684 1475 bum
701 1448 834 1488 capere
846 1467 859 1483 ,
873 1437 986 1487 idque
1001 1437 1114 1473 etiam
1131 1434 1158 1473 sl
1173 1434 1322 1474 summo
1335 1447 1446 1472 mane
1456 1435 1492 1472 in
1508 1447 1675 1486 pugnam
1689 1434 1857 1474 eundum

591 1490 637 1528 snt
649 1520 660 1537 ,
675 1490 739 1528 ubi
755 1490 842 1528 alias
861 1491 936 1528 cibi
949 1501 1097 1540 tempus
1114 1501 1191 1526 non
1215 1487 1280 1527 est.
1301 1488 1393 1526 Huc
1409 1488 1569 1539 pertinet
1585 1488 1686 1539 apud
1707 1489 1858 1528 Home·

591 1556 679 1582 rum
694 1543 842 1593 πρόπαν
857 1535 950 1593 ἦμαρ
965 1557 998 1581 κ..
1012 1557 1048 1580 τ.
1064 1554 1098 1580 λ.
1111 1542 1238 1581 GESN.
1252 1541 1372 1581 Recte
1386 1541 1500 1580 Gesn.
1514 1541 1727 1593 simpliciter
1739 1543 1858 1580 etenim

596 1595 809 1649 significare
826 1597 891 1635 ait.
908 1595 1025 1635 Conf.
1047 1595 1138 1634 Fab.
1157 1595 1225 1647 Ep.
1249 1595 1291 1634 L.
1315 1609 1335 1632 2
1348 1593 1373 1633 f.
1391 1596 1436 1633 ad
1451 1594 1648 1648 Aristoph.
1663 1594 1804 1636 Eccles.
1816 1609 1859 1636 V.

599 1650 686 1704 386.
706 1651 750 1689 Et
761 1649 854 1689 lens.
870 1650 916 1688 ad
928 1650 1008 1688 Vir.
1021 1648 1137 1688 Αυξὶ.
1158 1648 1173 1698 §
1188 1650 1223 1688 6.
1242 1648 1384 1688 REITz.

650 1704 729 1742 ibid.
747 1703 813 1741 Ὃν
843 1704 877 1742 ἐν
898 1704 1050 1754 πολέμῳ
1072 1702 1283 1755 μάχεσίὲοιί
1307 1702 1451 1755 φησιν)
1476 1701 1670 1742 Glofl‘ema
1694 1701 1858 1742 videtur.

595 1756 763 1796 GUYET.
788 1757 835 1796 Et
854 1770 928 1808 ego
948 1757 1098 1796 mallem
1126 1754 1271 1805 abeffe3
1299 1766 1382 1795 tum
1403 1756 1505 1796 enim
1530 1757 1656 1796 minus
1678 1756 1859 1809 perplexa

592 1812 667 1850 erit
683 1812 818 1850 oratio.
834 1811 980 1850 Rtrrz,

650 1867 722 1903 ead.
746 1866 769 1903 l.
790 1879 825 1917 9.
846 1865 914 1904 Καὶ
929 1860 1045 1918 εὐθὺς)
1062 1864 1169 1916 Lego
1183 1862 1252 1913 κᾷν
1267 1860 1378 1903 εὐθύς.
1401 1863 1570 1904 (ΞυῩΕτ.
1596 1863 1717 1915 quue
1733 1863 1861 1903 omni-

593 1930 648 1956 no
665 1919 870 1969 reciperem
881 1949 893 1967 ‚
913 1918 940 1957 st
955 1918 1017 1956 vel
1038 1931 1113 1956 una
1128 1918 1185 1957 ed.
1203 1918 1375 1969 praeiret.
1389 1917 1436 1957 Et
1450 1931 1586 1971 parum
1598 1918 1744 1963 abfuit,
1763 1917 1861 1970 quin

596 1971 661 2011 vel
688 1973 729 2011 iis
752 1973 878 2011 invitis
901 1971 950 2011 stc
969 1971 1153 2011 dedissem.
1179 1971 1322 2010 Rmz.

649 2029 723 2064 ead.
739 2027 762 2065 l.
777 2026 990 2077 15.“Qo·o.-ep
1010 2025 1024 2063 ὁ
1043 2025 1150 2078 Alae)
1173 2026 1292 2064 Hom.
1312 2024 1354 2064 Il.
1377 2030 1433 2071 Θ,
1458 2039 1544 2076 272.
1560 2024 1719 2065 SOLAN.

652 2081 739 2132 Pag.
761 2093 843 2125 142.
857 2080 880 2116 l.
897 2080 932 2118 6.
945 2078 1007 2116 Ὡς
1027 2078 1132 2130 ἄξιόν
1152 2093 1203 2131 γε
1220 2080 1424 2129 φιλοσόφου
1445 2082 1564 2130 νεκρὸν
1589 2078 1712 2131 ἰδέῖν)
1734 2078 1857 2119 Aliter

594 2132 774 2172 videntur
787 2131 910 2184 legiffe
925 2133 1148 2185 interpretes
1161 2163 1172 2180 ‚
1194 2132 1284 2171 dum
1300 2133 1459 2172 reddunt
1472 2135 1554 2172 adeo
1568 2146 1607 2171 ut
1625 2134 1798 2184 indignum
1808 2134 1858 2183 fit

588 2185 747 2237 fficinus,
760 2197 824 2224 aut
838 2198 943 2225 certe
959 2186 1172 2237 intelligunt
1184 2186 1300 2225 aliter.
1318 2186 1362 2224 In
1383 2199 1465 2238 quo
1478 2187 1611 2225 dubito
1633 2199 1682 2225 an
1704 2186 1861 2226 audien·

591 2240 629 2278 di
652 2239 747 2285 sint,
775 2239 815 2278 &
835 2252 914 2278 non
938 2240 1065 2292 potius
1084 2240 1298 2279 Lucianum
1325 2240 1533 2291 intelligere
1558 2240 1782 2288 debeamus,
1809 2252 1856 2280 ac

594 2293 622 2331 st
644 2293 764 2338 dicat,
784 2293 879 2332 adeo
894 2305 935 2332 ut
950 2293 994 2331 fit
1007 2306 1146 2345 operae
1162 2294 1325 2345 pretium
1338 2324 1351 2340 ,
1374 2304 1415 2332 ut
1435 2305 1626 2333 mereatur
1641 2294 1683 2333 δι
1700 2294 1858 2345 dignum

591 2346 639 2385 sit
660 2347 746 2386 huic
770 2347 941 2386 adiacens
966 2346 1182 2399 philosophi
1206 2347 1369 2386 cadaver
1393 2346 1555 2400 adspici,
1574 2348 1628 2387 ob
1649 2348 1858 2387 maximam

594 2401 680 2439 inde
705 2400 922 2440 exstituram
949 2400 1215 2440 diverfiratem.
1241 2400 1386 2441 GRON.

593 2506 632 2547 G
647 2454 857 2507 ibidflAgtdv
872 2453 940 2508 γε)
961 2452 1152 2507 Εἰρωνικῶς
1173 2453 1315 2495 dietum
1340 2455 1505 2503 videtur,
1522 2455 1609 2497 κατ’
1628 2454 1858 2508 &mmmmm

635 2518 763 2546 UYET.
