1956 3444
292 257 374 302 ΙΝ
427 257 523 304 DE
576 254 1042 325 GYMNAsus
1203 272 1295 322 477

43 341 224 391 fruStum,
236 343 431 396 fignificat,
444 345 483 384 δι
499 334 808 398 videntur'poma
825 345 899 384 sola
915 346 1040 396 inepta
1060 341 1105 382 ad
1119 356 1303 385 coronam

45 398 256 436 texendam.
282 398 350 437 Sed
366 409 407 437 ut
421 399 600 438 Libanius
616 412 703 439 cum
719 401 892 438 Luciano
907 398 1148 446 concilietur,
1169 399 1178 436 i
1193 400 1306 439 ·-·e11i-

45 463 97 502 go
124 453 309 492 vistorem
338 465 565 491 coronatum
590 453 694 492 fuisse
720 452 938 492 ramusculis
964 452 1045 490 eius
1068 453 1212 490 arboris
1233 453 1303 493 suo

46 504 172 543 fruEm
187 506 361 544 oneratis.
385 504 456 544 Sed
474 508 683 546 notandum
703 506 776 554 est,
801 506 972 544 brabium
992 516 1180 543 mutatum
1196 506 1306 547 fuisse

47 569 71 596 a
88 569 188 611 temp
191 559 322 597 oribus
344 558 563 599 Pausaniae:
594 573 680 599 nam
705 573 726 598 a
747 559 905 598 secunda
931 558 1117 609 Pythiade
1137 572 1306 600 coronas

46 624 119 703 pro
139 612 272 650 brabio
294 612 478 652 institutas
502 614 573 660 ait,
601 614 641 653 ἃ
665 614 816 678 quidem
837 625 887 652 ex
906 612 1028 650 lauru.
1052 612 1114 651 Sic
1136 614 1237 651 enim
1263 616 1303 654 in

79 665 239 705 hocicis:
261 665 390 718 Σευτέρ
393 681 417 715 ᾳ
441 666 486 705 Σὲ
506 666 663 706 Πυθιάδι
684 683 749 706 ουκ.
765 667 830 705 ἐπὶ
848 665 970 705 ἄθλοις
990 664 1100 727 {isaim
1105 679 1172 704 cmv
1185 666 1242 704 ἔτι
1258 668 1305 705 ἐι-

45 719 295 772 γωνίζεσθιιι,
313 720 542 770 στεφανίτην
566 720 611 758 δὲ
633 724 696 760 τον
716 720 848 772 o’e‘ymm
867 720 944 758 ἀπο
967 717 1100 757 τούτου
1115 720 1307 761 κατεστή-

48 786 164 817 σαντα
180 795 224 802 —-
244 773 389 819 <samm
403 773 448 812 δὲ
470 774 651 821 στέφανος
666 774 731 813 ἐστι
746 788 818 812 των
838 772 972 811 Πυθίων
982 771 1031 811 ‘riv'
1045 786 1072 811 vc
1078 786 1119 811 nn
1131 774 1220 810 κατ’
1235 777 1306 812 dm-

47 837 91 863 λο
103 825 173 875 μὲν
191 827 289 877 (ἐμοὶ
307 826 482 885 &ansius
469 842 550 865 εστ.-
555 842 570 866 ν
589 823 672 866 οὗὲὲ
676 842 708 873 ν,
725 827 780 865 ὅτι
797 826 840 864 δὲ
852 826 917 866 τῆς
930 825 1100 864 Λάὸωιος
1112 829 1306 878 ῧυγατρος

47 878 266 918 Ἀπόλλωνα
276 879 473 931 ἐρασθῆναι
487 882 726 934 κατέσχηκεν
743 896 761 921 n
776 877 893 930 φήμη.
907 879 1033 918 Aliam
1046 891 1142 918 vero
1156 892 1236 918 eius
1250 882 1304 921 rei

46 932 198 972 causam
221 933 334 972 refert
348 934 496 973 Aelian
514 935 606 973 Var.
617 938 658 974 L.
671 934 748 981 ΙΙΙ,
768 947 799 973 c.
821 947 854 981 1,
877 933 1014 972 lclhcet
1029 945 1099 978 eo,
1120 933 1224 984 quod
1247 936 1305 974 A·

45 986 169 1038 pollo,
185 987 382 1038 postquam
402 987 616 1038 Pythonem
633 989 839 1032 occiderat,
855 988 893 1025 in
905 1000 1003 1038 aqua
1014 985 1125 1025 Penei
1140 987 1270 1026 fluvii
1261 1002 1304 1028 m

4 1051 5 1062 ¹
45 1040 138 1079 Ioco
149 1040 405 1102 dic‘ioTempe
412 1053 597 1100 purgatus
609 1043 695 1081 inde
709 1042 859 1080 laurum
872 1039 1064 1102 decerpfit
1076 1038 1116 1078 ὅ(
1129 1039 1306 1094 Delphos

47 1093 188 1133 attulit.
210 1094 380 1133 Laurea
371 1106 485 1147 igitur
500 1108 645 1134 corona
659 1095 751 1134 olim
775 1095 985 1147 praemium
999 1105 1079 1133 erat
1090 1094 1305 1136 vietoribus

46 1147 203 1186 (latum¹
195 1160 231 1186 m
247 1128 409 1198 Pythiisff
423 1148 482 1187 sed
500 1161 673 1200 tempore
687 1149 840 1188 Luciani
856 1149 895 1188 &
907 1148 1053 1186 Libanii
1066 1178 1078 1196 ‚
1098 1148 1160 1186 vel
1171 1148 1206 1186 id
1221 1162 1305 1188 mu.

46 1212 168 1240 tatum
182 1199 330 1250 fuerat,
350 1202 414 1240 vel
437 1215 551 1254 poma
566 1204 652 1241 data
670 1201 754 1241 sunt
773 1214 844 1254 pro
864 1201 1023 1240 brabio
1015 1215 1052 1240 1n
1069 1213 1192 1253 agone
1205 1216 1305 1255 quo-

48 1255 134 1293 dam
152 1255 313 1294 multum
337 1255 466 1307 postea
492 1255 710 1296 introdqu
730 1257 771 1296 δι
790 1266 967 1307 recepto,
985 1255 1113 1294 laurea
1128 1267 1305 1297 manente

50 1321 125 1361 pro
137 1310 307 1360 praemio
320 1308 535 1349 cursoribus
549 1309 590 1348 δι
611 1310 856 1362 antiquorum
873 1309 1121 1348 certaminum
1145 1309 1306 1351 athletis.

49 1365 105 1402 At
116 1375 208 1402 ecce
222 1363 420 1402 Heliodor.
439 1363 475 1401 in
489 1363 732 1416 Aethiopicis
751 1363 904 1402 armatis
921 1361 1136 1402 cursoribus
1158 1364 1305 1414 palmae

49 1429 197 1455 ramum
219 1429 292 1467 pro
307 1417 441 1455 brabio
455 1417 584 1455 datum
602 1416 708 1456 fuiffe
729 1417 828 1456 dicit.
851 1416 922 1455 Sed
941 1417 979 1454 in
996 1415 1176 1455 omnibus
1191 1416 1306 1456 sacris

49 1470 318 1509 certaminibus
334 1469 416 1509 aliis
430 1470 568 1510 brabiis
579 1470 735 1510 au&arii
747 1471 832 1509 vice
845 1470 974 1509 datum
990 1468 1109 1515 fuiffe,
1130 1469 1202 1522 (ita
1214 1471 1307 1523 legi-

4 1566 5 1569 *
50 1533 113 1562 tur
124 1536 184 1576 ap.
198 1523 314 1562 Palm.
333 1537 404 1576 pro
414 1525 585 1577 additum)
602 1524 724 1563 afferit
737 1523 933 1563 Pausanias
946 1524 981 1561 in
991 1523 1197 1571 Arcadicis,
1217 1538 1304 1576 pag,

51 1578 151 1626 276,
177 1578 217 1617 &
230 1576 414 1618 Plutarch.
437 1577 491 1629 Sy
463 1591 572 1630 ymp.
586 1578 701 1624 VIII,
716 1591 748 1619 c.
760 1591 796 1626 4.
820 1577 1057 1616 Heliodorus
1073 1588 1199 1616 tamen
1220 1580 1305 1617 nul⁴

48 1630 130 1669 lum
156 1631 258 1670 aliud
281 1631 492 1684 praemium
518 1644 589 1684 pro
611 1631 771 1671 vi&oria
788 1630 857 1670 suo
876 1630 1072 1683 Theageni
1091 1630 1305 1678 adiudicat,

49 1696 200 1736 praeter
215 1697 361 1724 ramum
376 1685 482 1724 illum
499 1686 645 1746 palmae
656 1685 811 1724 arboris.
832 1682 903 1723 Sed
919 1697 996 1723 non
1012 1683 1064 1723 est
1079 1683 1306 1724 diffimulan-

5 1736 6 1739 ’
50 1737 99 1776 da
111 1737 333 1778 summiviri
351 1739 552 1784 sentenna,
576 1740 643 1791 qui
666 1739 702 1777 in
721 1739 820 1778 notis
843 1738 888 1777 ad
910 1737 1079 1777 Dionem
1100 1751 1167 1789 per
1188 1751 1305 1799 poma

50 1792 137 1830 vult
153 1792 306 1843 intelligi
318 1793 416 1831 lauri
434 1793 580 1839 baccas,
595 1792 654 1832 sed
668 1791 745 1832 sine
757 1792 947 1844 exemplo.
961 1791 1179 1831 Ausonium
1191 1793 1305 1832 etiam

50 1846 290 1898 reprehendit
303 1858 585 1886 enumerantem
600 1846 743 1885 diversa
755 1846 903 1891 brabia,
917 1845 985 1884 sic:
1007 1848 1106 1884 Serta
1117 1846 1237 1898 quibus
1247 1848 1304 1899 pi-

50 1913 130 1947 nus,
149 1901 273 1947 malus,
295 1900 400 1947 olim,
419 1901 546 1952 apium.
572 1900 643 1940 Sed
659 1912 746 1939 cum
761 1912 810 1939 eo
824 1898 1009 1938 consentit
1019 1900 1198 1938 Libanius
1213 1901 1305 1939 loco

50 1953 192 2001 citato,
215 1955 281 2007 qui
299 1966 397 2003 μηλε
401 1969 427 1994 οι
440 1954 572 1999 habet,
598 1966 674 1993 non
687 1953 804 2004 μῆλα.
826 1953 998 1992 Tamen
991 1965 1073 1992 iure
1085 1953 1233 1992 videtur
1244 1967 1303 1993 ar-

51 2019 170 2058 guere
185 2007 422 2056 Ausonium,
440 2008 506 2060 qui
523 2009 611 2047 dum
635 2007 830 2048 Graecum
850 2007 1082 2065 epigramma
1102 2009 1306 2059 exprimit,

50 2060 150 2099 male
160 2073 266 2112 μῆλα
281 2074 350 2114 per
361 2063 470 2100 malus
481 2062 608 2100 vertit.
631 2061 701 2100 Sed
714 2060 851 2107 fateor,
865 2073 931 2112 per
940 2073 1046 2109 μηλοι
1059 2073 1121 2099 me
1133 2073 1210 2099 non
1224 2061 1307 2111 plos-

51 2113 91 2153 se
103 2126 261 2167 capere,
276 2116 477 2167 quomodo
491 2115 645 2166 intelligi
660 2113 797 2167 poffint
812 2127 938 2167 poma.
954 2113 1086 2152 PALM.
1103 2114 1211 2153 Errat
1225 2114 1308 2153 Pal-

54 2169 207 2207 metius.
224 2169 314 2208 Vid.
326 2168 425 2209 Pott.
441 2182 529 2220 417.
543 2169 698 2208 SOLAN.
722 2168 927 2208 Lucianum
948 2166 1092 2207 fru&us
1109 2168 1307 2215 arborum,

52 2234 159 2271 μηλοι
171 2222 306 2270 dicere,
321 2235 398 2263 non
412 2235 554 2270 ramos,
566 2235 694 2282 puto.
686 2222 775 2261 Non
787 2223 952 2274 primum
965 2221 1221 2273 Anthologias
1231 2223 1310 2274 epi-

52 2286 226 2325 gramma
238 2277 371 2323 laudo
386 2278 452 2315 ubi
466 2278 621 2324 κότινος,
639 2287 757 2326 unm,
772 2276 916 2320 σέλινα,
931 2276 1057 2323 πίτυς,
1077 2274 1306 2327 forteipsxus

52 2327 242 2368 societatis
254 2329 364 2369 causa
375 2329 622 2382 suspicionem
637 2339 841 2374 moveant,
857 2342 1003 2368 ramum
1015 2329 1089 2367 esse
1099 2329 1309 2381 intelligen-

55 2382 172 2430 ‹lum3
199 2382 259 2422 sed
272 2385 369 2431 hoc,
389 2385 499 2435 quod
510 2384 586 2422 hoc
603 2383 682 2436 ipso
695 2383 784 2423 loco
799 2382 917 2422 simile
940 2382 1047 2434 plane
1062 2382 1309 2424 Panathenai-

56 2448 193 2474 corum
207 2437 415 2488 praemium
429 2447 768 2482 commemoratur,
778 2437 886 2475 oleum
898 2452 912 2474 e
919 2436 1023 2487 sacra
1032 2437 1208 2475 Minervae
1221 2437 1308 2475 olea,

56 2487 209 2528 Deinde
223 2491 376 2551 quoties
388 2491 642 2552 praemiorum
655 2491 792 2530 horum
802 2490 928 2528 denuo
942 2490 1174 2528 mentionem
1184 2490 1220 2528 in
1232 2490 1309 2530 hoc

7 2562 8 2575 2
40 2539 247 2598 ‘Dialogo
241 2544 369 2595 iniicit,
388 2545 506 2584 iniicit
517 2556 644 2584 autem
657 2544 887 2597 aliquoties,
880 2541 957 2585 αῆ)
962 2559 987 2582 οι
1002 2542 1147 2596 semper
1157 2553 1181 2582 a
1193 2556 1310 2587 coto-
