1956 3444
578 252 672 294 440
767 233 1647 283 ANNOTATIONES

577 322 693 360 currit
706 353 717 369 ‚
738 333 781 360 ut
804 323 930 361 minus
945 322 1137 362 Graecum
1151 323 1266 362 fuerit
1285 323 1567 376 reprehensum.
1597 325 1722 377 Quod
1742 325 1843 364 mul-

576 375 623 413 tis
636 386 766 414 tuetur
778 376 963 415 Eckhard
979 377 1016 415 in
1036 376 1197 416 observ,
1213 390 1258 417 ex
1276 378 1472 429 Aristoph.
1489 377 1586 418 Plut.
1606 393 1640 430 p.
1653 394 1686 418 2.
1698 379 1844 420 RErrz.

630 432 704 467 ead.
716 430 739 468 I.
755 428 790 466 8.
803 434 954 469 Παντῦς
970 430 1134 479 ἀπῆλθε)
1155 432 1216 469 An
1233 431 1304 469 Si&
1317 435 1476 475 παντὸς,
1489 431 1514 470 ἰ.
1529 445 1562 471 e.
1571 444 1744 483 perpetuo,
1764 434 1842 471 ubi·

577 495 654 533 que,
669 482 856 533 quaesivit
871 483 1058 523 Solanus?
1084 498 1169 522 narn
1189 487 1371 536 peremnia
1384 485 1536 523 dederat
1558 486 1673 524 etiam
1690 485 1842 539 Obso'p.

578 535 669 574 Non
691 549 793 587 opus
810 537 902 584 erit,
921 536 948 575 fi
963 541 1108 576 παντὸς
1130 550 1219 577 cum
1235 537 1407 578 Gesnero
1429 538 1560 576 nostro
1578 538 1730 579 mal'cul.
1751 552 1838 592 gen.

577 589 769 641 accipias,
792 604 864 642 pro
875 594 1021 629 παντὸς
1041 591 1236 643 ἀνθρώπου.
1260 593 1353 630 Νοη
1370 591 1579 644 displiceret
1593 606 1719 632 tamen
1735 593 1842 632 ’πάν-

577 656 667 690 τως,
689 643 716 681 fi
739 644 878 683 alicubi
899 645 1148 683 inveniretur.
1175 645 1230 685 At
1249 650 1395 685 παντὶς
1416 644 1566 695 μᾶλλον
1591 659 1733 686 neutro
1755 660 1841 699 gen.

577 708 655 734 ante
674 698 786 736 omnia
805 697 1036 737 conversum
1062 699 1099 736 in
1115 698 1199 737 Ael.
1214 700 1270 747 V,
1290 714 1333 752 13
1350 713 1403 751 pr.
1419 700 1482 737 ubi
1505 699 1577 741 ait:
1597 699 1768 739 Ἀθηναῖοι
1790 723 1837 732 —-

568 746 791 791 ἐπιτήδειοι
806 756 894 802 πρὸς
913 755 986 791 τὰς
998 753 1224 800 μεταβολὰς
1239 752 1553 802 παντὶςμᾶλλσν.
1576 752 1648 792 Sed
1668 754 1708 793 δι
1726 754 1840 805 poffis

577 815 655 841 ante
676 820 788 846 omnes
811 806 985 851 reddere,
1012 805 1079 844 etsi
1094 806 1245 859 pluralis
1263 807 1460 858 praecedit.
1486 806 1543 845 Ita
1556 808 1653 845 enim
1666 807 1706 846 &
1719 808 1841 848 Dion.

578 857 666 896 Hal.
681 859 774 897 Ant'.
787 860 822 898 X
833 889 844 903 ,
862 873 897 911 p.
910 873 959 897 m.
972 858 1063 907 642,
1080 872 1140 909 30,
1154 861 1237 899 τοὺς
1250 861 1452 909 πολεμίους
1468 882 1513 889 —
1529 858 1590 899 οὓς
1603 864 1748 900 παν-τὶς
1758 864 1841 912 paz-

577 921 700 950 λιστα,
717 911 931 962 ἐφοβοῦντο,
944 927 1028 965 quos
1042 925 1118 951 anre
1132 929 1244 952 omnes
1258 915 1344 952 alios
1357 914 1526 953 timebant.
1541 913 1612 953 Sed
1628 916 1763 954 eodem
1779 929 1840 954 re-

576 964 645 1009 dit,
657 980 741 1017 quos
752 967 862 1017 magis
872 968 1151 1018 timebant‚quam
1164 968 1311 1019 quidvis.
1324 968 1424 1006 Nam
1437 977 1558 1006 neutr.
1572 969 1722 1020 generis
1735 981 1840 1010 certe

575 1017 629 1056 est
652 1031 712 1068 ap.
729 1021 842 1058 eund.
859 1021 895 1059 X
908 1049 918 1065 ,
942 1020 990 1058 68
1001 1035 1034 1068 1,
1051 1034 1115 1072 31,
1135 1020 1154 1058 ‘o‘
1166 1024 1313 1060 παντὸς
1330 1022 1514 1071 μάλιστα
1529 1021 1734 1068 ἐβούλοντο,
1746 1024 1838 1074 quia

576 1074 618 1108 τὸ
635 1070 679 1108 δὲ
695 1071 744 1110 ibi
755 1072 995 1124 praemissum
1015 1086 1106 1112 erat.
1121 1074 1364 1114 Generaliter
1375 1086 1503 1114 autem
1517 1075 1778 1115 excellentiam
1792 1076 1840 1115 fi·

577 1124 735 1177 gnificat
746 1140 758 1173 3
770 1140 896 1178 neque
909 1128 1040 1174 credo,
1056 1127 1201 1180 semper
1212 1127 1362 1182 disquiri
1373 1129 1526 1173 debere,
1541 1142 1620 1181 quo
1629 1142 1767 1181 genere
1777 1143 1840 1170 ac-

576 1179 791 1229 cipiendum
808 1180 862 1220 sit.
885 1182 930 1222 Et
946 1181 1026 1233 περὶ
1042 1180 1109 1220 τοῦ
1122 1185 1280 1228 παντὸς,
1295 1182 1477 1234 desumma
1494 1197 1622 1228 rerum,
1644 1195 1768 1223 neutr.
1783 1184 1838 1225 est

576 1234 676 1284 apud
691 1234 1041 1283 Herodian.IV,4,
1068 1249 1125 1283 14.
1152 1237 1237 1287 Περὶ
1258 1238 1403 1275 παντὶς
1414 1234 1548 1281 ποιεῖν,
1564 1237 1700 1288 plurimi
1707 1237 1836 1288 facere,

575 1286 782 1339 Lexicogr.
796 1290 869 1327 iam
886 1301 1080 1329 notarunt.
1096 1289 1233 1341 Quare
1248 1291 1337 1328 nihil
1353 1290 1412 1329 hic
1425 1302 1548 1328 muto.
1569 1290 1719 1331 RE1TZ.

629 1343 702 1380 ead.
713 1342 734 1378 l.
748 1356 760 1379 1
776 1355 806 1380 1.
816 1342 1096 1395 Πλάττεσῧαι)
1109 1344 1151 1382 [n
1160 1344 1384 1395 quibusdam
1395 1344 1650 1395 πράττεσθαι.
1661 1344 1837 1386 BOURD.

628 1397 700 1432 ead.
714 1395 737 1433 l.
760 1409 770 1432 1
785 1408 815 1446 5.
828 1396 1046 1443 Πώτωνσς)
1064 1398 1170 1435 Haec
1182 1397 1348 1437 Platonis
1362 1397 1545 1437 sententia
1558 1397 1677 1436 exstat
1692 1399 1729 1437 in
1747 1398 1839 1438 Dia-

573 1449 682 1500 logO,
699 1450 767 1500 qui
784 1449 996 1489 inscribitur
1009 1450 1180 1503 Gorgias
1194 1450 1272 1491 five
1284 1452 1447 1491 Rhetor.
1459 1450 1606 1490 COGN.
1620 1451 1746 1492 Locus
1757 1467 1836 1493 non

574 1503 612 1541 in
627 1503 751 1554 Gorg.
765 1503 898 1551 exstat,
914 1504 973 1542 sed
987 1505 1025 1542 in
1037 1505 1196 1544 Theaet.
1214 1519 1250 1557 p.
1266 1507 1323 1544 ed.
1337 1505 1422 1556 Bafi
1440 1505 1486 1556 83
1503 1506 1552 1544 A.
1565 1505 1724 1544 SOLAN.

631 1556 820 1608 Pag.108.
837 1558 860 1594 l.
877 1572 909 1603 7.
928 1558 1014 1610 Eia)
1035 1559 1251 1610 Legendum
1265 1560 1416 1598 videtur
1438 1556 1519 1597 εἷεν.
1547 1558 1716 1599 GUYET.
1742 1560 1836 1601 Non

575 1609 687 1649 male.
705 1610 776 1649 Sed
792 1610 815 1649 sl
834 1611 878 1649 ad
894 1611 1098 1651 Parasitum
1122 1612 1241 1664 ipsum
1257 1612 1418 1659 referas,
1442 1625 1520 1651 non
1542 1623 1645 1651 tanta
1663 1616 1835 1655 mutandi

573 1663 781 1704 necessitas.
808 1665 868 1703 Ad
890 1663 1135 1716 καταλήψεις
1156 1678 1258 1705 certe
1285 1666 1514 1719 singularem
1538 1665 1677 1706 referre
1699 1669 1835 1709 nolim.

573 1718 680 1758 Licet
695 1719 794 1757 enim
811 1719 940 1758 femin.
965 1720 1061 1771 plur.
1080 1721 1192 1759 eriam
1209 1720 1286 1772 (sed
1300 1721 1438 1767 rarius)
1454 1720 1629 1760 invenias
1640 1735 1726 1760 cum
1739 1722 1832 1773 sing.

571 1772 706 1818 verbi,
730 1773 842 1811 cuius
861 1774 1036 1824 exempla
1057 1775 1244 1826 quaedam
1267 1775 1365 1813 dedit
1389 1774 1504 1814 frater
1525 1775 1693 1826 optimus
1717 1775 1766 1816 G.
1780 1775 1835 1816 O.

573 1826 695 1866 Reitz.
710 1827 746 1864 in
759 1826 863 1879 Belg.
881 1826 1062 1867 Graeciff.
1077 1842 1111 1880 p.
1130 1842 1204 1880 357
1221 1851 1266 1858 —
1282 1828 1319 1873 8,
1336 1841 1463 1868 tamen
1479 1828 1669 1868 Lucianus
1689 1831 1834 1870 nonita
1854 1846 1858 1847 ⁷

570 1880 678 1919 solet.
696 1878 768 1919 Sed
786 1881 876 1933 quid
897 1893 978 1920 tum
993 1882 1161 1920 dicemus
1179 1883 1224 1920 de
1245 1883 1475 1928 ἀπόλλυσιν,
1491 1883 1596 1937 quod
1609 1886 1722 1922 etiam
1740 1883 1836 1937 ling.

571 1934 649 1974 est?
672 1933 764 1973 Idne
781 1947 940 1987 quoque
957 1935 993 1973 in
1009 1936 1190 1987 pluralem
1205 1936 1444 1977 mutandum:
1469 1948 1533 1974 aut
1546 1936 1755 1986 fatendum,
1778 1950 1835 1976 ta-

573 2001 660 2028 men
680 1987 739 2027 hic
760 1989 916 2027 Lucian.
931 1989 1093 2029 iunxiffe
1108 1989 1274 2028 feminin.
1289 1990 1385 2040 plur.
1402 1990 1522 2029 verbo
1540 1989 1630 2042 sing.
1647 1990 1660 2028 ?
1682 1991 1833 2032 REITZ.

625 2043 706 2081 ibid.
727 2043 973 2095 Ἀπέλλυσιν)
984 2043 1262 2083 Ἀπολλὺουσιν.
1276 2044 1446 2084 GUYET.
1460 2044 1574 2091 Bene,
1589 2045 1616 2082 s1
1632 2041 1704 2083 εἷεν
1717 2045 1831 2088 semel

569 2096 780 2148 receper353
799 2110 885 2135 nam
907 2108 987 2136 tum
1010 2097 1049 2136 δι
1061 2097 1136 2136 hoc
1151 2099 1372 2137 mutandum
1383 2099 1464 2137 erit.
1488 2097 1655 2136 Priorem
1671 2099 1831 2141 difficul-

568 2162 686 2190 tatem
703 2152 842 2189 avertit
857 2149 1063 2196 Gesnerus‚
1076 2151 1127 2189 ein
1144 2152 1188 2190 ad
1201 2151 1408 2191 Parasitum
1422 2150 1621 2191 referendo
1630 2166 1642 2199 3
1656 2164 1693 2191 at
1707 2154 1833 2194 ἀπόλ-

568 2216 656 2243 λυσι
671 2216 796 2243 tamen
811 2206 1176 2257 perduntconvertit‚
1203 2206 1383 2257 pluralem
1407 2206 1592 2245 edendum
1607 2205 1679 2245 effe
1699 2205 1829 2248 forsan
1867 2256 1871 2257 ⁷

566 2258 741 2297 innuens.
758 2259 885 2297 Velim
902 2258 1037 2310 igitur,
1048 2258 1113 2298 etsi
1129 2259 1180 2298 εἴη
1199 2260 1364 2305 retineo,
1382 2260 1537 2298 minima
1549 2271 1731 2299 accentus
1746 2274 1830 2300 mu-

569 2313 712 2351 tatione
726 2312 917 2351 ἀπολλῦσι
933 2314 1077 2364 iegere:
1097 2312 1185 2350 nihil
1200 2325 1326 2351 tamen
1340 2314 1508 2360 mutavi3
1531 2313 1558 2352 si
1574 2313 1671 2352 forte
1692 2314 1732 2354 &
1753 2315 1826 2354 alia

567 2365 695 2404 femin.
710 2367 809 2417 apud
823 2365 1004 2405 Nostrum
1020 2368 1069 2405 ita
1083 2366 1302 2406 constru&a
1314 2369 1560 2420 reperiantur.
1576 2367 1716 2407 REITz.

620 2421 694 2457 ead.
710 2421 731 2457 l.
747 2434 760 2457 1
770 2433 805 2458 0.
818 2420 876 2459 Μὴ
891 2421 953 2459 καὶ
965 2420 1124 2472 μανίας)
1137 2423 1184 2457 Tb
1196 2420 1249 2468 μὴ
1261 2421 1462 2460 delendum
1478 2422 1638 2460 videtur.
1654 2421 1826 2463 GUYET.

567 2472 658 2510 Non
678 2473 874 2511 delendum
890 2504 902 2519 ‚
915 2474 942 2512 ss
960 2474 1216 2524 interrogandi
1230 2473 1379 2525 signum
1395 2476 1526 2522 addas,
1551 2475 1657 2529 quod
1673 2475 1770 2516 adest
1785 2476 1826 2521 in

565 2526 612 2566 P.
623 2526 662 2566 in
677 2526 759 2566 aliis
770 2539 862 2573 non.
877 2527 992 2570 Com:
1004 2541 1036 2568 c.
1052 2541 1104 2577 40
1117 2527 1142 2568 f.
1164 2527 1310 2572 Rrrrz.
