1956 3444
586 263 679 325 376
787 253 1661 302 ANNOTATIONES

586 343 722 385 XVIII
734 374 747 390 ‚
760 357 795 383 2.
810 342 913 382 Infra
925 343 990 383 Bis
1005 341 1143 382 Aecus.
1159 355 1190 381 c.
1206 356 1266 381 20.
1281 342 1389 382 Adde
1402 340 1612 381 Herodian.
1632 341 1670 380 ΙΙ
1683 371 1693 387 ,
1709 353 1770 388 10,
1793 354 1854 394 13.

587 400 644 437 Ut
659 399 752 437 alios
765 398 952 436 omittam.
973 397 1020 435 Et
1033 396 1083 435 fic
1097 396 1239 441 Latini,
1254 398 1309 434 uhi
1324 409 1396 448 pto
1413 396 1690 448 quandoquidem.
1712 396 1852 439 Horat.

589 451 712 490 2·Od.
736 451 829 491 XIII
840 480 850 496 ,
869 465 912 503 33
929 462 938 489 :
965 451 1062 501 Quid
1074 451 1190 489 mirum
1205 451 1226 487 ,Ρ
1246 451 1341 489 UBI
1353 449 1421 487 illis
1435 449 1638 488 carminibus
1642 450 1781 500 stupens
1798 450 1855 487 de-

589 505 692 544 mittit
702 517 796 544 atras
810 505 921 543 bellua
938 505 1098 557 centiceps
1112 519 1218 542 aures.
1232 503 1280 541 Et
1294 516 1354 555 ap.
1369 503 1525 542 Terent.
1540 502 1690 544 crebro.
1706 501 1850 545 Rm’rz,

631 563 717 598 ·‘ead.
738 560 761 597 l.
773 572 810 611 9.
826 557 962 610 Κυνῶν)
975 558 1172 604 Socrates3
1187 558 1275 598 vide
1292 561 1328 596 B.
1343 573 1405 609 πρ.
1420 569 1452 596 c.
1472 557 1532 604 16,
1547 556 1585 595 δι
1603 568 1701 609 quae
1722 556 1774 595 ibi
1787 569 1855 595 an-

588 624 722 652 notata
737 612 834 651 sunt.
860 611 1019 652 SOLAN.

642 666 981 718 ἱὸὶώἘπόμνυντο)
995 663 1109 704 Conf.
1124 664 1206 703 Vit.
1221 663 1335 703 Αυξὶ.
1351 676 1382 703 c.
1405 664 1462 702 16.
1480 663 1629 708 REITZ.

644 722 736 773 Pag.
752 720 844 772 13.l.
859 733 888 770 5.
903 718 945 759 Οἱ
958 718 1022 760 τῆς
1034 718 1260 771 συμπάσης)
1277 718 1339 758 Sic
1354 718 1498 770 optime
1510 718 1553 758 L.
1566 717 1607 756 &
1619 717 1664 762 B.
1687 729 1724 757 2.
1736 717 1781 755 In
1799 729 1856 756 re·

589 773 705 825 liquis
720 772 757 812 οἳ
767 786 885 825 prave
898 772 1050 825 legitur.
1073 772 1231 811 SOLAN.

644 830 717 866 ead.
736 828 760 866 l.
772 842 808 877 7.
826 823 942 866 Οὗθὲν
956 829 1034 879 γὰρ
1045 825 1103 867 ὅτι
1114 825 1167 875 μὴ
1182 824 1260 864 τοῖς
1274 823 1447 875 κωμικοῖς
1462 820 1728 876 ἓορυφορίῑμιισι
1745 824 1856 862 ἐοικό-

590 896 665 922 ττοις
683 881 780 933 διε.)
803 880 863 920 Sic
876 881 992 919 etiam
1017 879 1114 919 infra
1133 879 1215 918 πῶς
1231 878 1296 918 δεῖ
1312 879 1474 929 ἱστορίαν
1498 880 1747 932 συγγράφειν·
1762 876 1856 928 μήθ’

590 931 717 985 ὥσπερ
733 937 892 984 mquam
908 932 1138 985 ἓορυφόρημα,
1153 932 1278 982 σιωπῇ
1291 932 1574 983 παραφεροίμην,
1594 933 1637 970 ln
1650 944 1730 984 quo
1743 944 1855 984 gene-

589 1001 632 1027 re
646 989 826 1040 loquendi
840 989 976 1025 durum
995 988 1087 1025 mihi
1112 987 1278 1034 videtur,
1301 987 1405 1037 quod
1421 988 1581 1035 κωμικὸν
1597 986 1753 1031 dixerit,
1774 998 1855 1025 non

589 1055 689 1081 vero
700 1042 893 1095 τραγικόν.
910 1042 1007 1080 Nam
1021 1040 1201 1092 b‘opuobpoe
1218 1041 1300 1080 sunt
1315 1040 1466 1092 Regum
1478 1070 1490 1085 ,
1505 1038 1771 1091 Dynastarum
1784 1070 1794 1086 ,
1809 1040 1851 1080 δε

589 1095 894 1147 Tyrannorum,
917 1096 986 1147 qui
1008 1096 1046 1133 in
1068 1093 1214 1133 scenam
1237 1095 1414 1146 tragicam
1437 1093 1582 1144 semper
1607 1094 1856 1140 inducuntur,

590 1162 788 1201 nunquam
810 1162 909 1188 vero
931 1150 971 1187 in
992 1149 1190 1188 comicum.
1221 1148 1319 1188 Nam
1341 1149 1545 1187 comoedia
1560 1148 1660 1187 circa
1681 1160 1856 1187 commu·

589 1217 679 1243 nem
695 1205 816 1242 vitam
830 1203 980 1242 civilem
995 1202 1180 1249 versatur,
1193 1202 1231 1240 δι
1247 1203 1350 1241 cives
1368 1200 1632 1247 Athenienses,
1653 1212 1719 1241 aut
1738 1201 1858 1241 aliun*

590 1258 638 1296 de
651 1257 852 1296 mediocris
868 1255 1045 1296 fortunae
1061 1258 1167 1296 viros
1180 1256 1335 1295 libertos
1347 1287 1357 1303 ,
1371 1255 1503 1301 servos
1515 1286 1525 1303 ,
1540 1254 1783 1300 mulierculas
1799 1256 1857 1294 in-

591 1311 924 1362 ducitloquentes,
939 1311 977 1349 &
992 1311 1079 1350 ideo
1095 1310 1249 1349 Plautus
1264 1311 1302 1348 in
1316 1309 1603 1362 Amphytrione
1618 1310 1854 1349 Mercurium

591 1364 643 1403 sic
663 1365 810 1404 inducit
825 1365 1044 1416 loquentem
1063 1365 1100 1403 in
1118 1363 1303 1416 prologo:
1328 1366 1424 1411 Nam
1445 1378 1495 1402 me
1504 1376 1661 1414 perpetuo
1667 1362 1796 1414 facere,
1816 1375 1856 1402 ut

584 1421 633 1471 fic
647 1420 829 1467 comoedia,
842 1421 949 1471 Reges
962 1434 1026 1471 quo
1039 1419 1179 1457 veniant
1191 1418 1224 1456 δ’
1242 1419 1308 1456 Dii
1317 1447 1327 1465 ,
1351 1433 1418 1456 non
1428 1431 1497 1468 par
1507 1418 1659 1456 arbitror.
1687 1418 1786 1468 Quid
1793 1417 1855 1468 igi-

592 1487 649 1512 tur
659 1475 678 1510 Ρ
691 1473 848 1523 quoniam
862 1474 914 1512 ln'c
918 1472 1039 1524 servos
1051 1488 1178 1524 quoque
1187 1485 1304 1524 partes
1317 1473 1426 1516 habet,
1449 1471 1603 1516 Faciam,
1620 1485 1658 1509 ut
1672 1471 1855 1510 commixta

587 1530 633 1578 fit
646 1527 913 1579 tragicomoedia.
931 1527 1060 1566 Utitur
1076 1527 1205 1578 igitur,
1222 1526 1283 1563 vel
1300 1526 1428 1577 potius
1442 1525 1615 1563 abutitur
1629 1525 1856 1564 comoediae

592 1581 764 1626 nomine,
783 1580 924 1619 &illud
939 1578 1266 1632 καταχρηστικῶς
1281 1579 1413 1617 Latine
1430 1576 1542 1616 sumit
1561 1579 1764 1630 etiampro
1779 1590 1855 1618 tra-

592 1634 752 1686 goedia,
766 1635 803 1671 in
829 1646 903 1684 qua
919 1633 1026 1686 saepe
1048 1632 1297 1672 inducebatur
1318 1631 1533 1670 satellitium
1553 1631 1670 1685 Regis
1684 1631 1748 1671 vel
1767 1631 1857 1684 Ty-

589 1688 700 1729 ranni
716 1699 864 1726 mutim
881 1718 890 1733 ‚
915 1687 998 1727 solo
1013 1687 1122 1739 Rege
1134 1688 1329 1739 loquente.
1352 1686 1415 1726 Sic
1427 1686 1540 1724 etiam
1562 1699 1633 1725 nos
1647 1686 1855 1727 vernacule

591 1742 766 1789 dicimus,
781 1741 817 1791 je
831 1742 925 1780 victis
942 1743 981 1779 de
995 1742 1029 1779 la
1040 1741 1198 1787 comedie,
1215 1740 1303 1779 licet
1316 1740 1511 1792 tragoedia
1525 1740 1639 1779 fuerit
1650 1741 1692 1778 in
1704 1739 1854 1780 scenam

590 1794 754 1834 inducta.
777 1794 911 1833 PALM.
935 1795 1038 1834 Bene
1058 1795 1208 1834 monuit
1225 1794 1436 1833 Hemsterh.
1454 1794 1490 1832 in
1508 1807 1623 1846 marg.
1635 1795 1855 1835 adeundum

589 1849 631 1888 L.
645 1850 724 1888 Bos
736 1848 828 1888 Obs.
841 1848 933 1888 Crit.
946 1862 981 1900 p.
993 1850 1054 1896 67.
1067 1848 1198 1887 Huius
1213 1848 1328 1900 igitur
1342 1849 1459 1887 verba
1474 1847 1719 1900 subiungam:
1739 1866 1761 1885 υ
1771 1847 1854 1887 Pal-

589 1903 733 1942 merius
751 1903 890 1941 durum
907 1902 973 1940 fibi
988 1902 1107 1941 videri
1120 1903 1185 1947 ait,
1214 1902 1340 1941 dixiffe
1353 1903 1560 1941 Lucianum
1579 1905 1753 1951 κωμικὸν,
1773 1914 1855 1942 non

589 1970 688 1996 vero
700 1958 901 2010 τραγικὶιν,
915 1957 1006 2008 quia
1018 1955 1200 2007 δορυφόροι
1214 1955 1297 1995 sunt
1309 1956 1476 2008 Regum,
1485 1956 1550 2007 Ty
1557 1968 1768 1995 rannorum
1778 1955 1854 1998 ἃς.

588 2011 659 2063 qui
682 2011 719 2050 in
741 2010 890 2049 scenam
905 2011 1087 2063 tragicam
1104 2009 1248 2062 semper
1265 2011 1509 2055 inducuntur,
1532 2022 1729 2062 nunquam
1754 2022 1853 2049 vero

587 2065 629 2104 in
652 2065 839 2107 comicam
854 2094 865 2111 ,
881 2063 922 2103 δι
937 2065 1088 2103 tandem
1105 2063 1229 2104 censet
1243 2093 1253 2109 ,
1275 2064 1487 2104 Lucianum
1503 2063 1562 2102 hic
1578 2064 1710 2114 potius
1725 2078 1853 2102 κατοι-

589 2118 812 2171 χρηστικῶς
831 2119 1031 2157 comoediam
1046 2131 1117 2170 pro
1132 2119 1301 2170 tragoedia
1321 2117 1460 2157 dixisse.
1484 2118 1538 2155 At
1562 2116 1751 2157 sciendum
1774 2117 1827 2156 est
1840 2147 1852 2166 ,

587 2171 800 2222 θορυφόρους
824 2184 902 2210 non
927 2171 1073 2223 semper
1100 2173 1144 2211 de
1168 2172 1321 2224 Regum
1344 2171 1563 2211 satellitibus
1587 2171 1662 2210 dici
1675 2199 1687 2218 ‚
1713 2183 1851 2213 vetum

584 2227 700 2264 etiam
716 2225 822 2277 saepe
836 2225 992 2265 abusive
1005 2227 1050 2264 de
1064 2225 1261 2277 quibusvis
1273 2226 1478 2265 comitibus
1491 2256 1503 2273 ‚
1532 2226 1596 2278 qui
1615 2225 1710 2264 alios
1730 2226 1851 2264 comi-

586 2289 734 2318 tantur:
748 2281 847 2319 unde
855 2278 1051 2330 AEopuoopsiv
1063 2280 1280 2332 simpliciter
1291 2293 1360 2331 pro
1373 2280 1558 2319 comitari.
1567 2279 1754 2331 Exempla
1767 2279 1852 2319 sunt

587 2334 687 2384 apud
696 2334 780 2372 Ael.
790 2333 885 2372 Hist.
896 2334 971 2373 An.
983 2332 1161 2386 aliosque.
1177 2334 1288 2374 Unde
1302 2335 1414 2373 etiam
1429 2334 1635 2373 commode
1650 2333 1686 2372 in
1695 2346 1851 2373 comoe-

587 2389 645 2426 dia
660 2385 943 2439 Σορυφορίιμοιτιι
956 2388 1130 2434 dicuntur
1142 2388 1225 2427 illae
1239 2387 1435 2439 personae,
1447 2400 1544 2438 quae
1562 2388 1654 2426 alias
1668 2386 1848 2438 personas
1872 2386 1877 2391 ’

588 2442 838 2488 comitantur,
860 2439 977 2492 iisque
1001 2441 1146 2481 adstant
1166 2442 1202 2480 in
1228 2443 1361 2488 scena,
1385 2442 1477 2480 nihil
1502 2442 1540 2480 lo
1571 2453 1702 2480 uentes
1715 2470 1728 2486 ‚
1753 2440 1848 2479 nihil

588 2506 757 2545 agentes,
772 2508 870 2547 quae
886 2495 959 2534 alio
977 2497 1134 2535 nomine
1148 2497 1253 2542 κωφὰ
1266 2455 1636 2546 πρὲσωσταψενληαε
1651 2507 1762 2533 mutae
1777 2507 1850 2534 vo·-

587 2557 735 2590 cantur.
757 2548 804 2589 Et
824 2548 934 2598 hasce
959 2549 1130 2603 intelligit
1152 2549 1287 2590 auctor
1302 2562 1369 2603 per
1385 2551 1533 2602 κωμικὰ
1550 2545 1847 2603 δὀρυφορίιματᾳ,
