1956 3444
408 252 476 299 IN
509 251 598 299 ms
634 248 1030 301 ACCUSATUM
1253 265 1349 323 2403‘

145 339 219 379 ead.
234 339 256 378 l.
277 353 310 391 3.
323 336 542 391 Ἀποκλίιρου
554 342 628 379 τὰς
641 339 776 392 sinoce)
792 340 854 381 De
869 341 1068 381 sortitione
1084 340 1247 381 iudicum
1265 358 1348 396 per·

92 394 214 433 multa
229 394 422 432 Scholiast.
437 393 632 446 Aristoph.
647 395 693 432 ad
707 393 805 432 Plut.
820 409 856 433 v.
872 409 959 443 277.
983 394 1152 434 Consule
1165 394 1276 435 etiam
1293 398 1347 438 ihi

89 448 293 500 Spanhem.
314 446 412 485 Nam
424 447 460 485 in
470 447 703 499 explicandis
714 449 996 499 antiquitatibus
1009 462 1164 501 operam
1180 450 1347 491 colloca·

91 514 134 540 re
149 501 184 538 in
201 501 270 539 hac
285 501 341 538 ed.
360 512 439 539 non
456 502 507 538 est
524 500 705 540 nostrum.
732 501 877 540 REITz.

146 555 239 604 Pag.
257 566 313 604 55.
335 553 359 591 l.
384 566 413 591 ι.
429 553 674 604 Ἀλεκτρυόνα
691 553 744 603 τῷ
765 553 1012 606 Ἀσκληπιῷ)
1038 553 1138 593 Cum
1159 555 1346 598 Dracone

88 607 202 646 etiam
220 607 359 659 gallum
374 608 595 646 attributum
610 607 768 659 legimus
781 621 939 660 propter
951 608 1197 659 vigilantiam,
1210 612 1254 648 de
1264 624 1346 662 quo

89 660 156 713 ipsi
171 673 228 700 res
245 659 347 699 sacra
368 659 494 698 fiebat.
520 660 627 712 Quin
652 662 692 700 δι
712 661 886 700 Socrates
906 670 1006 713 apud
1020 661 1212 700 Platonem
1227 667 1346 703 mori-

89 725 197 752 turus
210 744 221 761 ‚
234 713 360 752 sumto
381 726 554 759 veneno,
567 727 653 752 cum
671 727 764 766 puer
780 716 831 753 illi
846 714 1065 760 detexisset,
1082 717 1185 768 quod
1199 716 1248 754 illi
1269 719 1344 757 iam

89 766 267 818 frigerent
283 768 503 819 praecordia
517 797 527 812 ‚
551 768 691 818 gallum
704 768 836 807 debem
843 782 886 807 us
897 797 910 813 ,
927 781 953 806 o
968 767 1093 807 Crito.
1107 769 1251 808 COGN.
1280 770 1345 810 De

88 822 193 860 cultu
207 821 422 872 Aesculapii
445 821 520 858 vid.
534 822 647 859 etiam
662 820 780 860 Ovid.
797 822 889 861 Met.
901 822 993 869 XV,
1010 822 1084 860 fab.
1104 823 1144 860 L.
1158 823 1205 861 Et
1223 823 1344 863 Mich.

91 874 233 914 Rosall.
263 874 445 913 Ceterum
469 873 561 912 falso
585 874 837 914 infimulatum
863 876 1056 914 Socratem
1069 906 1081 923 ‚
1109 877 1212 928 quod
1237 878 1347 917 nulla

90 929 252 967 omnino
265 927 444 967 sacrificia
458 927 598 967 faceret
608 958 619 975 ‚
632 928 741 980 supra
755 929 916 968 vidimus
928 930 973 967 ad
983 928 1151 968 Demon.
1168 943 1200 969 c.
1217 944 1279 982 33,
1294 944 1343 970 ex

88 981 267 1033 Xenoph.
282 982 495 1020 Memorab.
510 994 623 1034 quem
646 982 756 1021 etiam
771 983 815 1020 ad
834 994 958 1034 partes
972 995 1088 1022 vocat
1103 985 1343 1034 Anonymus

90 1036 126 1074 in
142 1035 237 1075 Bibl.
252 1034 467 1074 Raisonnee
491 1047 552 1074 an.
575 1049 688 1087 1737,
701 1035 813 1074 mens.
824 1037 916 1088 Apr.
931 1050 968 1088 p.
984 1050 1073 1089 370,
1098 1038 1134 1074 in
1149 1037 1343 1077 recensen-

89 1090 134 1127 da
151 1101 254 1128 nova
267 1090 323 1127 ed.
341 1088 478 1127 Caton.
496 1088 653 1128 Distich.
670 1088 769 1140 Quo
784 1090 975 1135 ostendat,
994 1090 1200 1129 Lucianum
1213 1092 1250 1129 in
1265 1091 1344 1131 Dea

90 1141 265 1181 monacie
278 1155 355 1181 non
371 1154 507 1193 negare
523 1141 717 1181 Socratem
732 1156 903 1195 unquam
914 1143 1130 1182 i'acrificaffe
1141 1174 1154 1190 ,
1166 1143 1225 1182 sed
1238 1147 1343 1196 quod

89 1196 214 1249 vulgo
225 1195 465 1235 accusaretur
477 1209 557 1234 non
568 1196 787 1235 sacrificasse
800 1226 814 1243 ,
830 1198 871 1236 &
882 1198 985 1248 quod
1002 1197 1245 1248 respondeat,
1263 1201 1342 1237 Ma·-

88 1266 208 1289 nervae
220 1262 302 1288 non
314 1249 543 1297 sacrificasse,
555 1251 642 1302 quia
655 1250 699 1289 cl.
714 1251 774 1288 vir
786 1251 824 1288 in
838 1252 1003 1301 rescript.
1018 1251 1102 1289 Box
1110 1252 1260 1297 bornio,
1272 1253 1343 1292 Ca-

89 1304 171 1342 toni
187 1304 357 1349 annexis,
379 1316 462 1355 pag.
481 1317 526 1355 35
541 1302 752 1355 scripserat:
773 1303 959 1354 Illzfdforte
976 1305 1147 1342 nosznallis
1159 1306 1267 1343 minus
1279 1322 1343 1344 no-

90 1370 162 1396 tum
173 1387 184 1405 ‚
207 1358 291 1395 inter
303 1356 471 1408 hosfiuſje
490 1358 630 1409 aliquot,
643 1358 699 1409 qui
708 1358 810 1409 plane
822 1358 1014 1409 abstinerent
1028 1374 1050 1395 a
1056 1357 1252 1408 sacrificiis,
1266 1375 1341 1398 cum

89 1411 225 1462 opimis,
237 1424 306 1449 tum
319 1411 470 1449 tenuibus
480 1422 577 1463 atque
591 1411 736 1462 exiguis.
749 1413 810 1449 De
823 1412 960 1450 Socrate
972 1412 1005 1449 δ’
1015 1413 1216 1450 Βεηιοηαέῖε
1227 1414 1343 1463 plzilo-

83 1465 206 1517 sophis
223 1465 325 1502 ινααῖι
343 1465 519 1503 Lucianus
537 1465 572 1502 in
595 1467 800 1503 Demonafle
808 1494 822 1510 ‚
839 1466 878 1502 de
889 1465 947 1502 illo
959 1477 1128 1516 praeterea
1142 1466 1176 1503 in
1188 1463 1254 1504 Bis
1265 1466 1343 1506 Ac·

88 1518 218 1570 quIzto.
236 1520 290 1557 At
306 1518 480 1557 Socrates
502 1517 688 1556 Atheismi
704 1518 898 1557 accusatus
917 1519 1080 1557 cicutam
1104 1519 1230 1557 bibere
1253 1521 1343 1558 ada-

89 1572 171 1612 &us
182 1571 254 1619 est3
270 1573 368 1611 unde
379 1570 485 1611 facile
500 1581 668 1624 apparet,
685 1573 813 1610 eadem
827 1573 976 1610 ratione
990 1570 1208 1611 accusatum
1221 1571 1344 1620 fuiffe,

88 1627 191 1679 quod
208 1639 286 1664 non
311 1625 543 1664 sacrificaret.
563 1627 710 1664 Verum
731 1638 820 1664 raro
842 1638 932 1664 eum
956 1625 1081 1664 saltem
1106 1624 1343 1674 sacrificaffe,

89 1693 165 1732 ego
181 1680 332 1732 quidem
345 1680 586 1718 crediderim:
607 1692 695 1717 cum
709 1680 810 1717 enim
822 1678 971 1717 turbam
988 1678 1163 1719 Deorum
1187 1692 1264 1718 non
1282 1680 1343 1718 ad-

89 1735 268 1780 mitteret,
282 1734 393 1772 etiam
408 1731 505 1771 falsis
524 1733 598 1771 istis
610 1732 694 1771 Diis
715 1745 792 1770 non
808 1731 1016 1771 sacrificare
1031 1733 1181 1779 debuit3
1205 1746 1343 1771 verum

89 1788 340 1828 caerimoniae
356 1786 395 1825 ὅ(
411 1785 693 1825 consuetudinis
706 1785 816 1824 causa
828 1786 863 1824 id
877 1786 1000 1836 potuit
1020 1785 1156 1833 facere,
1172 1787 1277 1838 quod
1289 1785 1345 1825 af-

89 1842 255 1882 firmanti
269 1841 519 1893 Xenophonti
533 1853 670 1892 negare
683 1852 762 1878 non
778 1839 906 1878 ausim.
928 1839 1070 1877 REITz.

143 1899 216 1934 ead.
237 1896 260 1934 l.
274 1900 308 1933 6.
331 1894 513 1947 Μελιτον)
540 1892 663 1932 Prave
684 1893 743 1931 hic
762 1894 879 1932 etiam
896 1892 932 1930 in
948 1894 1128 1931 omnibus
1148 1891 1345 1945 legebatur

92 1951 274 1988 Μέλητον.
290 1949 387 1987 vide
400 1950 491 1987 Not.
510 1948 556 1986 ad
571 1953 607 1986 Z.
625 1949 676 1986 έλ.
697 1960 727 1986 c.
750 1948 806 1985 16.
830 1947 986 1985 SOLAN.

144 2004 224 2041 ibid.
237 2005 281 2039 Γο
297 2001 341 2041 Σὲ
357 2000 416 2041 νῦν
432 1998 547 2053 εἶναι)
561 2001 615 2040 Μ.
633 2001 792 2039 Aurelio
809 2000 1031 2051 imperante.
1049 1998 1150 2038 Hinc
1162 1997 1228 2047 est,
1240 1997 1347 2051 quod

90 2058 207 2097 toties
219 2056 259 2095 δι
273 2066 350 2095 tam
369 2057 506 2094 acriter
526 2067 594 2094 eos
610 2054 818 2093 insectatur.
840 2054 997 2092 SOLAN.

143 2113 217 2149 ead.
235 2110 258 2148 l.
274 2123 333 2149 10.
346 2113 455 2148 Κατὰ
473 2108 575 2161 ι’λοις)
591 2109 695 2161 Lego
710 2109 795 2147 κατ’
808 2108 906 2146 ἰ’Λοις.
926 2107 973 2145 Β.
989 2120 1023 2145 2.
1039 2108 1145 2145 aar&
1158 2105 1256 2145 ἰ’λοις.
1275 2104 1349 2145 Re-

92 2164 217 2218 liquae
229 2166 334 2202 κοιτὶι
346 2161 448 2202 rme.
473 2163 631 2202 SOLAN.

145 2221 218 2257 ead.
233 2218 255 2255 l.
278 2230 335 2270 ¹3·
358 2217 440 2256 Ἐπὶ
459 2216 525 2256 τὴν
540 2214 658 2268 mipoev
682 2213 882 2266 ἀίξαντες)
905 2213 1114 2252 Adleverat
1129 2210 1259 2251 Solan.
1275 2211 1353 2251 vid.

93 2271 191 2310 infra
205 2276 291 2320 Περ.
315 2285 400 2322 517·
418 2270 460 2309 Id
472 2270 524 2309 est
538 2299 548 2314 ‚
563 2271 608 2308 de
625 2270 746 2308 Mort.
761 2268 908 2324 Peregr.
922 2280 954 2306 c.
972 2280 1030 2319 37.
1049 2266 1100 2304 lbi
1115 2265 1179 2304 ἐπὶ
1194 2270 1268 2304 τὰς
1280 2265 1351 2322 [ἔοι.-

95 2325 245 2375 κτνιρίοις
260 2321 354 2375 ’,ᾖξαν
367 2323 467 2363 estin
485 2325 514 2361 I.
529 2323 600 2362 Sed
613 2336 699 2363 cum
713 2322 806 2361 aliae
822 2322 914 2372 ὴξοιν
928 2321 1113 2366 habeant,
1126 2320 1200 2359 hoc
1215 2320 1269 2357 ibi
1280 2319 1352 2357 dil-

95 2379 325 2430 quirendum
348 2378 430 2417 erit.
459 2377 605 2415 Rnrz.

94 2442 138 2479 m
149 2435 220 2470 ead.
237 2432 260 2470 l.
279 2444 335 2482 15.
355 2427 607 2483 Αὗτοσχέὸιοι
631 2429 826 2479 φιλόσοφοι
852 2428 894 2466 ἐκ
913 2426 1151 2476 σκυτοτόμων
1174 2425 1192 2464 33
1215 2423 1352 2464 τεκτό-

94 2500 159 2525 νων
175 2483 461 2537 περιέρχονται)
489 2483 557 2522 Ms.
571 2482 862 2535 περινοστοῦσιν.
882 2480 1083 2531 Philosophi
1107 2477 1350 2530 extemporanea*

95 2555 137 2579 ex
152 2540 302 2579 coriariis
316 2538 350 2576 6·
361 2536 475 2588 flabris
486 2536 573 2588 fizelz'
586 2539 747 2576 oberrant.
774 2535 944 2575 GRAEV.

993 2584 1112 2626 Cea
