1956 3444
397 258 468 304 IN
502 257 594 304 BIS
631 258 1033 307 ACCUSATUM.
1066 259 1073 273 ‘¹
1254 271 1350 325 407

86 342 207 383 lanus.
220 342 320 383 Cum
335 344 454 397 igitur
467 344 780 396 ἐπισκοπούμενοι
795 346 1005 386 invenirem
1021 348 1058 386 in
1074 348 1116 387 P.
1131 347 1170 387 δι
1181 350 1234 388 H.
1249 361 1352 389 utra-

85 409 187 448 que,
210 397 250 436 &
271 398 481 451 suspectum
503 401 702 445 haberem,
726 401 897 450 cognovi
916 401 1224 451 ἐπισκοπούμενον
1247 404 1348 443 recte

85 449 159 489 effe
173 451 210 488 in
224 451 252 489 I.
264 452 309 489 B.
327 466 356 490 1.
371 454 409 490 S.
423 466 589 504 cumque
601 451 758 492 Gesner.
778 454 814 490 id
829 455 941 491 etiam
958 455 994 491 in
1018 467 1133 506 marg.
1157 456 1349 495 emendas-

83 502 138 542 set
149 533 160 550 ‚
179 506 407 555 quantocius
424 507 496 545 hoc
509 508 616 552 dedi,
635 506 741 558 quod
755 504 878 544 sensus
892 505 1068 557 postulat.
1082 508 1224 547 Rau-z.

139 559 212 596 ead.
226 559 248 596 l.
265 572 298 609 3.
315 558 601 612 Ἀπεξεσμένοι)
616 558 730 598 Conf.
751 558 882 598 Somn.
898 560 913 609 §
931 575 974 607 2,
997 560 1038 599 δι
1061 561 1238 602 Hermot.
1263 575 1345 615 cap.

84 609 151 650 62.
170 610 326 650 SOLAN.

137 668 211 702 ead.
225 665 247 702 l.
269 677 298 712 5.
311 662 538 717 Τεθηποισιν)
553 664 671 705 Conf.
690 664 802 718 supra
813 664 946 717 Scyth.
962 678 993 705 c.
1013 665 1036 705 8
1057 667 1096 707 δι
1109 680 1153 719 9,
1174 668 1213 707 ἃ
1230 668 1344 708 Alex.

80 728 166 768 cap.
186 718 400 770 13.R1-:1Tz.

137 771 214 809 ibid.
231 771 298 809 Καὶ
309 774 490 820 μάλιστα,
505 770 664 810 ὁπόσους
673 771 793 822 μηθὲν
807 772 879 811 τῶν
899 772 1195 826 ἀναγκαιοτέρων
1216 788 1346 826 περιοι-

86 823 260 876 σχολεῖ)
291 826 459 864 Vertunt
471 855 484 871 ,
512 826 664 877 inprimis
678 856 690 873 ‚
713 827 830 878 quibus
856 827 943 865 nihil
963 842 1066 865 rerum
1092 827 1345 878 neceffz'riazrum

85 891 185 916 curae
198 879 250 930 est.
265 878 536 931 Περιασχολεῒν
555 879 607 917 est
630 880 790 919 verbum
803 910 814 927 ‚
829 880 932 932 quod
945 879 1106 920 Graecia
1119 893 1197 919 non
1214 883 1345 929 novit,

84 942 155 969 nec
171 930 274 970 noffe
290 932 421 984 potest.
439 933 538 984 Lege
552 934 854 984 ἀναγκαιοτέρων
867 934 950 984 πέρι
965 933 1153 986 ἀσχολεῖ,
1169 935 1342 988 praecipue

86 997 171 1036 quos
187 985 317 1024 nullum
331 987 495 1036 negotium
509 986 717 1037 neceffzrium
730 1000 875 1032 avocat,
889 987 1034 1039 impedit.
1048 986 1219 1028 GRAEV.

139 1040 211 1075 ead.
235 1040 258 1078 l.
280 1041 316 1078 6.
337 1038 548 1093 (Οπὸσους)
573 1039 745 1079 ‘Gotho-of.
770 1041 940 1079 GUYET.
968 1041 1060 1080 Non
1090 1042 1216 1080 credo.
1244 1041 1344 1080 Nam

85 1090 270 1143 ἀσχολεῖν
295 1091 555 1132 accusativum
579 1092 764 1144 personae
786 1094 887 1133 recte
912 1094 1037 1134 habet.
1060 1094 1205 1133 Confer
1229 1094 1343 1146 supra

86 1144 206 1184 Zeux.
219 1158 249 1184 c.
263 1159 301 1194 7,
313 1145 371 1184 ὅτι
388 1143 523 1185 αὐτοὺς
542 1147 716 1199 ἀσχολεῖ
734 1144 752 1187 ἦ
771 1144 941 1186 ὑπόθεσις
957 1148 1062 1186 καινὴ
1075 1143 1183 1187 οὖσα.
1198 1148 1347 1189 Rmz.

139 1198 219 1237 ibid.
236 1199 514 1252 Περιασχολεῖ)
529 1198 567 1238 Si
582 1202 745 1239 adimere
758 1201 922 1240 velimus
934 1201 1103 1241 Luciano
1114 1232 1125 1249 ,
1137 1215 1237 1253 quae
1252 1215 1346 1241 non-

85 1250 175 1289 dum
200 1252 237 1289 in
257 1253 401 1292 Lexicis
423 1265 604 1292 annotata
622 1253 728 1301 sunt,
756 1254 859 1293 bona
884 1253 938 1293 sui
964 1266 1069 1305 parte
1092 1256 1345 1296 truncabitur.

84 1302 263 1344 Verbum
277 1307 350 1346 hoc
363 1308 451 1358 quid
465 1309 576 1346 habet
589 1308 627 1345 in
644 1306 780 1354 forma,
793 1308 855 1347 vel
868 1307 1157 1360 fignificatione,
1175 1308 1346 1348 velcon·

85 1356 291 1398 structione
315 1360 500 1412 denique,
525 1361 629 1413 quod
651 1373 729 1399 non
750 1364 956 1400 conveniat
981 1374 1067 1400 cum
1092 1361 1344 1412 ἓιοοσχολέω,

85 1424 170 1463 quo
184 1411 309 1463 paffim
325 1414 378 1452 uti
392 1414 651 1461 Herodotum,
666 1414 806 1453 Lexica
821 1415 984 1454 docent?
1000 1414 1125 1454 GEsN.
1141 1414 1249 1453 Nihil
1263 1428 1347 1455 mu-

85 1474 142 1503 to.
156 1465 329 1518 Suspicio
343 1478 470 1506 tamen
495 1467 739 1516 subnascitur,
756 1468 1055 1520 ἐινοιγκοιιοτέρων
1077 1469 1159 1519 πέρι
1177 1467 1349 1521 ἀσχολεῖ

85 1517 307 1570 legendum,
329 1521 464 1560 ufitata
485 1521 721 1573 anastrophe.
746 1520 818 1560 Sed
844 1522 958 1562 video
980 1521 1124 1562 Graev.
1148 1522 1245 1561 idem
1267 1523 1343 1561 iam

86 1573 329 1626 praecepiffe.
344 1575 490 1614 Rmz.

140 1633 213 1665 ead.
229 1629 252 1665 l.
267 1641 302 1676 7.
316 1627 577 1680 Κεκηλημένοι)
591 1627 653 1667 Sic
668 1627 826 1666 omnino
841 1627 1040 1679 legendum
1055 1658 1066 1676 ‚
1085 1628 1214 1668 invitis
1227 1629 1348 1668 omni-

88 1679 160 1719 bus
176 1680 299 1726 libris,
317 1682 384 1732 qui
401 1684 613 1731 κεκλημένοι
629 1682 777 1720 habent.
793 1680 950 1720 SOLAN.
970 1681 1086 1721 Poffis
1101 1684 1344 1732 κεκλημένους

86 1732 188 1772 forte
211 1736 324 1773 etiam
343 1736 572 1788 intelligere,
593 1735 658 1787 qui
671 1735 884 1773 alliciantur
906 1736 944 1774 δι
967 1735 1072 1786 quafi
1087 1736 1345 1782 advocentur,

87 1787 177 1826 dum
195 1800 458 1840 praetereunt,
474 1789 720 1828 clamoribus:
742 1787 801 1827 sed
822 1788 894 1826 hoc
915 1788 1006 1827 nihil
1030 1789 1075 1827 ad
1097 1789 1275 1828 iudicium
1300 1791 1347 1830 de

87 1840 265 1881 victoria.
280 1842 405 1882 Causa
424 1844 484 1882 hic
498 1843 694 1889 indicatur,
709 1854 777 1880 cur
793 1840 920 1881 viciffe
938 1842 1077 1881 iudicet
1098 1844 1235 1895 vulgus
1250 1856 1319 1882 eos
1331 1873 1345 1889 ,

89 1894 254 1947 quisunt
267 1896 509 1935 clamofiores
521 1906 638 1948 atque
652 1895 958 1947 impudentiores.
972 1895 1063 1934 Non
1083 1896 1214 1934 dubito
1225 1927 1236 1944 ,
1253 1898 1346 1947 quin

89 1948 292 2000 legendum
319 1949 362 1988 snt
388 1952 645 2000 κεκηλημένοι,
668 1949 771 2002 quod
795 1949 979 1996 verbum,
1002 1949 1170 1988 Luciano
1194 1950 1347 1989 minime

89 2001 272 2049 insolens,
295 2016 373 2042 non
400 2006 446 2042 ad
465 2003 662 2042 blanditias
682 2003 799 2042 modo
820 2002 1114 2041 demulcentium
1140 2004 1347 2054 pertinere,

89 2055 151 2095 sed
166 2056 212 2095 ad
226 2057 501 2096 incantationes
522 2057 634 2095 etiam
650 2085 660 2103 ,
677 2057 813 2109 quibus
826 2055 939 2095 defixi
951 2068 997 2095 ac
1014 2056 1155 2094 deliniti
1171 2057 1323 2108 stupent
1334 2086 1346 2103 ‚

89 2110 175 2148 satis
187 2110 342 2149 constat.
358 2110 387 2148 F
390 2111 498 2156 allor,
512 2123 559 2148 an
574 2111 669 2148 idern
684 2110 861 2162 spectavit
874 2110 1034 2149 Solanus
1044 2140 1055 2155 ‚
1071 2110 1137 2161 qui
1153 2111 1188 2148 in
1204 2109 1348 2149 verfio-

92 2176 141 2202 ne
154 2163 280 2215 posuit
293 2164 514 2217 obstupefafli.
527 2163 650 2204 GEsN.
667 2163 826 2215 Optime
845 2162 972 2202 olfecit
983 2162 1099 2202 Gesn.
1113 2165 1346 2213 κεκηλημένοι

90 2216 312 2269 legendum,
327 2218 367 2257 δι
381 2218 431 2263 sic
451 2217 577 2257 Solan.
594 2217 776 2265 voluisse3
799 2230 915 2269 quare
930 2218 1042 2256 unius
1057 2217 1230 2256 literulae
1251 2218 1350 2255 addi-

91 2271 196 2311 tione
211 2272 383 2311 Luciano
394 2273 558 2311 nitorem
575 2272 756 2310 redditum
770 2301 780 2317 ‚
793 2284 907 2310 nemo
923 2271 1188 2322 indignabitur.
1204 2271 1350 2310 Rmz.

149 2327 224 2363 ead.
236 2327 259 2363 l.
275 2339 311 2375 9.
326 2326 552 2376 Δημωφελὲς
573 2325 629 2376 τι)
646 2324 749 2365 Bene
765 2324 814 2364 fic
836 2325 1052 2364 emendarat
1067 2323 1181 2363 Gesn.
1200 2338 1289 2364 cum
1310 2325 1348 2362 in

95 2379 149 2417 H.
181 2377 245 2417 sua
269 2378 475 2427 δἠμοφελὲς
498 2378 657 2417 secunda
681 2388 858 2429 correpta
889 2379 1056 2429 legeret,
1084 2378 1188 2428 quod
1214 2378 1352 2417 vitium

95 2433 213 2471 etiam
229 2431 373 2470 obsidet
386 2433 430 2472 P.
444 2433 533 2471 Non
547 2442 693 2470 veteres
704 2462 716 2478 ‚
731 2444 798 2470 nec
814 2433 850 2469 S,
866 2432 905 2470 &
926 2433 1031 2484 Amst.
1053 2430 1195 2469 Rmz.

151 2488 224 2523 ead.
240 2486 262 2523 l.
282 2499 338 2524 12.
359 2485 479 2525 Mnstv
497 2483 838 2536 ὑποστειλάμενον)
863 2486 1023 2538 Depofito
1037 2496 1144 2531 metu,
1162 2483 1347 2523 Erasmus.

98 2537 293 2580 Gesnerus
307 2539 444 2580 tectius
457 2569 467 2589 ,
485 2539 605 2593 absque
619 2540 880 2593 diffimulatione.
895 2538 948 2578 lta
963 2537 1104 2631 inCAEt.
1120 2538 1251 2591 Apost.
1264 2538 1357 2583 XX,

1038 2604 1059 2632 c
1087 2606 1112 2640 4
