<?xml version="1.0" encoding="UTF-8"?>
<!DOCTYPE html PUBLIC "-//W3C//DTD XHTML 1.0 Transitional//EN"
    "http://www.w3.org/TR/xhtml1/DTD/xhtml1-transitional.dtd">
<html xmlns="http://www.w3.org/1999/xhtml" xml:lang="en" lang="en">
 <head>
  <title>
</title>
<meta http-equiv="Content-Type" content="text/html;charset=utf-8" />
  <meta name='ocr-system' content='tesseract 3.04.00' />
  <meta name='ocr-capabilities' content='ocr_page ocr_carea ocr_par ocr_line ocrx_word'/>
</head>
<body>
  <div class='ocr_page' id='page_1' title='image "./operagraeceetlat07luciuoft_0549.png"; bbox 0 0 1956 3444; ppageno 0'>
   <div class='ocr_carea' id='block_1_1' title="bbox 282 224 1306 290">
    <p class='ocr_par' dir='ltr' id='par_1_1' title="bbox 282 224 1306 290">
     <span class='ocr_line' id='line_1_1' title="bbox 282 224 1306 290; baseline 0.003 -17"><span class='ocrx_word' id='word_1_1' title='bbox 282 226 363 274; x_wconf 89' lang='lat' dir='ltr'>IN</span> <span class='ocrx_word' id='word_1_2' title='bbox 395 224 1065 273; x_wconf 85' lang='lat' dir='ltr'>PHILOPSEUDEM.</span> <span class='ocrx_word' id='word_1_3' title='bbox 1214 238 1306 290; x_wconf 81' lang='lat'>541&#39;</span> 
     </span>
    </p>
   </div>
   <div class='ocr_carea' id='block_1_2' title="bbox 0 311 1331 2585">
    <p class='ocr_par' dir='ltr' id='par_1_2' title="bbox 0 311 1312 962">
     <span class='ocr_line' id='line_1_2' title="bbox 33 311 1307 370; baseline 0.001 -15"><span class='ocrx_word' id='word_1_4' title='bbox 33 326 99 356; x_wconf 69' lang='lat' dir='ltr'>tor</span> <span class='ocrx_word' id='word_1_5' title='bbox 118 315 210 356; x_wconf 88' lang='lat' dir='ltr'>dicit</span> <span class='ocrx_word' id='word_1_6' title='bbox 227 315 263 356; x_wconf 90' lang='lat' dir='ltr'>se</span> <span class='ocrx_word' id='word_1_7' title='bbox 283 312 396 370; x_wconf 70' lang='grc' dir='ltr'>ἄγειν</span> <span class='ocrx_word' id='word_1_8' title='bbox 423 314 557 356; x_wconf 76' lang='grc' dir='ltr'>ἐκεῖνον</span> <span class='ocrx_word' id='word_1_9' title='bbox 569 315 700 368; x_wconf 63' lang='grc' dir='ltr'>μάγον</span> <span class='ocrx_word' id='word_1_10' title='bbox 718 316 809 365; x_wconf 67' lang='grc' dir='ltr'>πρὶς</span> <span class='ocrx_word' id='word_1_11' title='bbox 822 311 947 363; x_wconf 71' lang='grc' dir='ltr'>αὐτον,</span> <span class='ocrx_word' id='word_1_12' title='bbox 973 314 1014 353; x_wconf 72' lang='grc' dir='ltr'>δι</span> <span class='ocrx_word' id='word_1_13' title='bbox 1030 314 1133 367; x_wconf 83' lang='lat' dir='ltr'>quod</span> <span class='ocrx_word' id='word_1_14' title='bbox 1149 324 1230 354; x_wconf 77' lang='lat' dir='ltr'>tum</span> <span class='ocrx_word' id='word_1_15' title='bbox 1244 317 1307 357; x_wconf 82' lang='lat' dir='ltr'>hic</span> 
     </span>
     <span class='ocr_line' id='line_1_3' title="bbox 36 367 1309 422; baseline 0 -14"><span class='ocrx_word' id='word_1_16' title='bbox 36 370 175 410; x_wconf 87' lang='lat' dir='ltr'>dicitur</span> <span class='ocrx_word' id='word_1_17' title='bbox 197 370 309 422; x_wconf 72' lang='grc' dir='ltr'>βόθρον</span> <span class='ocrx_word' id='word_1_18' title='bbox 330 369 537 422; x_wconf 52' lang='lat' dir='ltr'>&amp;pugneo-&amp;m</span> <span class='ocrx_word' id='word_1_19' title='bbox 561 370 598 409; x_wconf 73' lang='grc' dir='ltr'>ἐν</span> <span class='ocrx_word' id='word_1_20' title='bbox 613 369 732 419; x_wconf 70' lang='grc' dir='ltr'><em>αἰθρίῳ</em></span> <span class='ocrx_word' id='word_1_21' title='bbox 745 383 817 408; x_wconf 80' lang='grc' dir='ltr'>τινι</span> <span class='ocrx_word' id='word_1_22' title='bbox 839 367 903 408; x_wconf 67' lang='grc' dir='ltr'>τῆς</span> <span class='ocrx_word' id='word_1_23' title='bbox 925 368 1041 408; x_wconf 73' lang='grc' dir='ltr'>οἰκίας</span> <span class='ocrx_word' id='word_1_24' title='bbox 1055 381 1192 421; x_wconf 83' lang='lat' dir='ltr'>nempe</span> <span class='ocrx_word' id='word_1_25' title='bbox 1209 369 1309 409; x_wconf 89' lang='lat' dir='ltr'>eius-</span> 
     </span>
     <span class='ocr_line' id='line_1_4' title="bbox 35 421 1307 476; baseline 0 -14"><span class='ocrx_word' id='word_1_26' title='bbox 35 424 138 470; x_wconf 84' lang='lat' dir='ltr'>dem,</span> <span class='ocrx_word' id='word_1_27' title='bbox 152 425 215 463; x_wconf 88' lang='lat' dir='ltr'>vel</span> <span class='ocrx_word' id='word_1_28' title='bbox 230 424 335 476; x_wconf 87' lang='lat' dir='ltr'>quod</span> <span class='ocrx_word' id='word_1_29' title='bbox 353 425 504 462; x_wconf 84' lang='lat' dir='ltr'>tandem</span> <span class='ocrx_word' id='word_1_30' title='bbox 522 423 597 476; x_wconf 81' lang='lat' dir='ltr'>ipsa</span> <span class='ocrx_word' id='word_1_31' title='bbox 611 421 772 473; x_wconf 63' lang='lat' dir='ltr'>Chrysis</span> <span class='ocrx_word' id='word_1_32' title='bbox 788 422 932 461; x_wconf 69' lang='grc' dir='ltr'>ἐπέστη</span> <span class='ocrx_word' id='word_1_33' title='bbox 947 421 1146 461; x_wconf 65' lang='grc' dir='ltr'>κόπτουσα</span> <span class='ocrx_word' id='word_1_34' title='bbox 1162 425 1225 462; x_wconf 59' lang='grc' dir='ltr'>τὴν</span> <span class='ocrx_word' id='word_1_35' title='bbox 1237 424 1307 462; x_wconf 60' lang='grc' dir='ltr'>δυ-</span> 
     </span>
     <span class='ocr_line' id='line_1_5' title="bbox 37 475 1309 530; baseline -0.001 -14"><span class='ocrx_word' id='word_1_36' title='bbox 37 492 103 530; x_wconf 79' lang='grc' dir='ltr'>ροιν</span> <span class='ocrx_word' id='word_1_37' title='bbox 123 478 186 516; x_wconf 72' lang='lat' dir='ltr'>nal</span> <span class='ocrx_word' id='word_1_38' title='bbox 206 476 424 517; x_wconf 63' lang='grc' dir='ltr'>εἰσελθοῦσα</span> <span class='ocrx_word' id='word_1_39' title='bbox 437 476 584 517; x_wconf 85' lang='lat' dir='ltr'>versata</span> <span class='ocrx_word' id='word_1_40' title='bbox 598 477 651 515; x_wconf 88' lang='lat' dir='ltr'>est</span> <span class='ocrx_word' id='word_1_41' title='bbox 670 489 756 516; x_wconf 90' lang='lat' dir='ltr'>cum</span> <span class='ocrx_word' id='word_1_42' title='bbox 772 475 946 515; x_wconf 78' lang='lat' dir='ltr'>Glaucia.</span> <span class='ocrx_word' id='word_1_43' title='bbox 977 476 1112 528; x_wconf 89' lang='lat' dir='ltr'>Itaque</span> <span class='ocrx_word' id='word_1_44' title='bbox 1133 476 1169 515; x_wconf 79' lang='grc' dir='ltr'>ἐν</span> <span class='ocrx_word' id='word_1_45' title='bbox 1186 483 1309 516; x_wconf 62' lang='grc' dir='ltr'>Γλαυ-</span> 
     </span>
     <span class='ocr_line' id='line_1_6' title="bbox 39 529 1310 583; baseline 0 -12"><span class='ocrx_word' id='word_1_46' title='bbox 39 531 120 571; x_wconf 79' lang='grc' dir='ltr'>κίου</span> <span class='ocrx_word' id='word_1_47' title='bbox 132 543 237 571; x_wconf 88' lang='lat' dir='ltr'>nunc</span> <span class='ocrx_word' id='word_1_48' title='bbox 251 531 398 583; x_wconf 81' lang='lat' dir='ltr'>accipe,</span> <span class='ocrx_word' id='word_1_49' title='bbox 413 543 456 570; x_wconf 89' lang='lat' dir='ltr'>ut</span> <span class='ocrx_word' id='word_1_50' title='bbox 471 532 574 571; x_wconf 86' lang='lat' dir='ltr'>circa</span> <span class='ocrx_word' id='word_1_51' title='bbox 587 529 703 569; x_wconf 86' lang='lat' dir='ltr'>finem</span> <span class='ocrx_word' id='word_1_52' title='bbox 722 531 856 568; x_wconf 90' lang='lat' dir='ltr'>harum</span> <span class='ocrx_word' id='word_1_53' title='bbox 872 529 1099 568; x_wconf 82' lang='lat' dir='ltr'>insaniarum</span> <span class='ocrx_word' id='word_1_54' title='bbox 1117 530 1153 569; x_wconf 79' lang='grc' dir='ltr'>ἐν</span> <span class='ocrx_word' id='word_1_55' title='bbox 1169 531 1310 581; x_wconf 77' lang='grc' dir='ltr'>Ἀμφι-</span> 
     </span>
     <span class='ocr_line' id='line_1_7' title="bbox 39 581 1311 638; baseline 0.001 -14"><span class='ocrx_word' id='word_1_56' title='bbox 39 584 162 638; x_wconf 76' lang='grc' dir='ltr'>λόχου</span> <span class='ocrx_word' id='word_1_57' title='bbox 174 613 184 631; x_wconf 84' lang='grc'>,</span> <span class='ocrx_word' id='word_1_58' title='bbox 199 585 235 624; x_wconf 79' lang='grc' dir='ltr'>ἐν</span> <span class='ocrx_word' id='word_1_59' title='bbox 252 581 466 637; x_wconf 67' lang='grc' dir='ltr'>Εὐκράτους.</span> <span class='ocrx_word' id='word_1_60' title='bbox 490 584 690 625; x_wconf 85' lang='lat' dir='ltr'>Praeterea</span> <span class='ocrx_word' id='word_1_61' title='bbox 703 584 774 622; x_wconf 85' lang='lat' dir='ltr'>viri</span> <span class='ocrx_word' id='word_1_62' title='bbox 786 583 887 623; x_wconf 57' lang='lat' dir='ltr'>docti</span> <span class='ocrx_word' id='word_1_63' title='bbox 903 615 913 632; x_wconf 86' lang='lat'><strong>,</strong></span> <span class='ocrx_word' id='word_1_64' title='bbox 934 585 1001 636; x_wconf 87' lang='lat' dir='ltr'>qui</span> <span class='ocrx_word' id='word_1_65' title='bbox 1015 584 1225 623; x_wconf 86' lang='lat' dir='ltr'>Lucianum</span> <span class='ocrx_word' id='word_1_66' title='bbox 1243 599 1311 636; x_wconf 87' lang='lat' dir='ltr'>pu-</span> 
     </span>
     <span class='ocr_line' id='line_1_8' title="bbox 40 636 1309 690; baseline 0 -12"><span class='ocrx_word' id='word_1_67' title='bbox 40 638 142 678; x_wconf 89' lang='lat' dir='ltr'>blico</span> <span class='ocrx_word' id='word_1_68' title='bbox 157 640 342 678; x_wconf 84' lang='lat' dir='ltr'>dederunt</span> <span class='ocrx_word' id='word_1_69' title='bbox 354 669 364 686; x_wconf 84' lang='lat'>,</span> <span class='ocrx_word' id='word_1_70' title='bbox 390 651 545 685; x_wconf 85' lang='lat' dir='ltr'>vereor,</span> <span class='ocrx_word' id='word_1_71' title='bbox 560 650 602 677; x_wconf 88' lang='lat' dir='ltr'>ut</span> <span class='ocrx_word' id='word_1_72' title='bbox 618 639 714 677; x_wconf 87' lang='lat' dir='ltr'>bene</span> <span class='ocrx_word' id='word_1_73' title='bbox 729 638 979 690; x_wconf 86' lang='lat' dir='ltr'>contemplati</span> <span class='ocrx_word' id='word_1_74' title='bbox 993 636 1063 675; x_wconf 89' lang='lat' dir='ltr'>fint</span> <span class='ocrx_word' id='word_1_75' title='bbox 1084 638 1199 677; x_wconf 87' lang='lat' dir='ltr'>libros</span> <span class='ocrx_word' id='word_1_76' title='bbox 1221 638 1309 678; x_wconf 84' lang='lat' dir='ltr'>scri-</span> 
     </span>
     <span class='ocr_line' id='line_1_9' title="bbox 40 691 1310 746; baseline 0 -14"><span class='ocrx_word' id='word_1_77' title='bbox 40 703 150 746; x_wconf 86' lang='lat' dir='ltr'>ptos,</span> <span class='ocrx_word' id='word_1_78' title='bbox 165 693 255 732; x_wconf 90' lang='lat' dir='ltr'>dum</span> <span class='ocrx_word' id='word_1_79' title='bbox 272 706 360 732; x_wconf 89' lang='lat' dir='ltr'>eum</span> <span class='ocrx_word' id='word_1_80' title='bbox 374 723 383 737; x_wconf 78' lang='grc'><em>,</em></span> <span class='ocrx_word' id='word_1_81' title='bbox 407 705 522 745; x_wconf 86' lang='lat' dir='ltr'>quem</span> <span class='ocrx_word' id='word_1_82' title='bbox 536 705 639 731; x_wconf 88' lang='lat' dir='ltr'>nunc</span> <span class='ocrx_word' id='word_1_83' title='bbox 655 693 784 731; x_wconf 87' lang='lat' dir='ltr'>dicunt</span> <span class='ocrx_word' id='word_1_84' title='bbox 796 691 917 730; x_wconf 78' lang='lat' dir='ltr'>filium</span> <span class='ocrx_word' id='word_1_85' title='bbox 930 691 1203 742; x_wconf 68' lang='grc' dir='ltr'>Ἀλεξικλέους,</span> <span class='ocrx_word' id='word_1_86' title='bbox 1215 705 1310 733; x_wconf 76' lang='lat' dir='ltr'>mox</span> 
     </span>
     <span class='ocr_line' id='line_1_10' title="bbox 42 745 1312 798; baseline -0.001 -12"><span class='ocrx_word' id='word_1_87' title='bbox 42 747 90 786; x_wconf 89' lang='lat' dir='ltr'>ab</span> <span class='ocrx_word' id='word_1_88' title='bbox 104 747 277 786; x_wconf 85' lang='lat' dir='ltr'>Luciano</span> <span class='ocrx_word' id='word_1_89' title='bbox 294 747 401 787; x_wconf 82' lang='lat' dir='ltr'>scribi</span> <span class='ocrx_word' id='word_1_90' title='bbox 417 746 574 792; x_wconf 84' lang='lat' dir='ltr'>faciunt,</span> <span class='ocrx_word' id='word_1_91' title='bbox 597 745 703 798; x_wconf 80' lang='lat' dir='ltr'>quasi</span> <span class='ocrx_word' id='word_1_92' title='bbox 717 758 863 797; x_wconf 86' lang='lat' dir='ltr'>patrem</span> <span class='ocrx_word' id='word_1_93' title='bbox 878 745 1312 797; x_wconf 59' lang='lat' dir='ltr'>habuerit&#39;Av251u&gt;.e‘a.;</span> 
     </span>
     <span class='ocr_line' id='line_1_11' title="bbox 41 799 1311 854; baseline 0 -15"><span class='ocrx_word' id='word_1_94' title='bbox 41 814 90 840; x_wconf 86' lang='lat' dir='ltr'>ex</span> <span class='ocrx_word' id='word_1_95' title='bbox 111 801 252 854; x_wconf 87' lang='lat' dir='ltr'>quibus</span> <span class='ocrx_word' id='word_1_96' title='bbox 275 814 411 840; x_wconf 85' lang='lat' dir='ltr'>verum</span> <span class='ocrx_word' id='word_1_97' title='bbox 436 801 576 852; x_wconf 83' lang='lat' dir='ltr'>eligere</span> <span class='ocrx_word' id='word_1_98' title='bbox 603 800 679 838; x_wconf 85' lang='lat' dir='ltr'>fine</span> <span class='ocrx_word' id='word_1_99' title='bbox 700 799 927 839; x_wconf 72' lang='lat' dir='ltr'>au&amp;oritate</span> <span class='ocrx_word' id='word_1_100' title='bbox 951 799 1149 839; x_wconf 80' lang='lat' dir='ltr'>vetustatis</span> <span class='ocrx_word' id='word_1_101' title='bbox 1173 802 1311 853; x_wconf 85' lang='lat' dir='ltr'>nequi-</span> 
     </span>
     <span class='ocr_line' id='line_1_12' title="bbox 0 853 1311 907; baseline 0 -13"><span class='ocrx_word' id='word_1_102' title='bbox 0 899 1 902; x_wconf 13' lang='lat'><em>*</em></span> <span class='ocrx_word' id='word_1_103' title='bbox 41 868 140 903; x_wconf 87' lang='lat' dir='ltr'>mus.</span> <span class='ocrx_word' id='word_1_104' title='bbox 161 854 306 895; x_wconf 79' lang='lat' dir='ltr'>GRON.</span> <span class='ocrx_word' id='word_1_105' title='bbox 328 855 389 894; x_wconf 85' lang='lat' dir='ltr'>Sic</span> <span class='ocrx_word' id='word_1_106' title='bbox 402 853 497 893; x_wconf 85' lang='lat' dir='ltr'>infra</span> <span class='ocrx_word' id='word_1_107' title='bbox 513 867 545 894; x_wconf 91' lang='lat' dir='ltr'>c.</span> <span class='ocrx_word' id='word_1_108' title='bbox 560 853 623 906; x_wconf 82' lang='lat'>38,</span> <span class='ocrx_word' id='word_1_109' title='bbox 645 854 948 907; x_wconf 75' lang='grc' dir='ltr'>ἐνἈμφιλόχου,</span> <span class='ocrx_word' id='word_1_110' title='bbox 972 854 1077 906; x_wconf 86' lang='lat' dir='ltr'>quod</span> <span class='ocrx_word' id='word_1_111' title='bbox 1094 853 1237 901; x_wconf 85' lang='lat' dir='ltr'>videat,</span> <span class='ocrx_word' id='word_1_112' title='bbox 1249 854 1311 894; x_wconf 85' lang='lat' dir='ltr'>cui</span> 
     </span>
     <span class='ocr_line' id='line_1_13' title="bbox 43 908 388 962; baseline 0 -13"><span class='ocrx_word' id='word_1_113' title='bbox 43 921 144 962; x_wconf 89' lang='lat' dir='ltr'>opus</span> <span class='ocrx_word' id='word_1_114' title='bbox 158 908 222 949; x_wconf 86' lang='lat' dir='ltr'>est.</span> <span class='ocrx_word' id='word_1_115' title='bbox 245 909 388 949; x_wconf 75' lang='lat' dir='ltr'>Rmz.</span> 
     </span>
    </p>

    <p class='ocr_par' dir='ltr' id='par_1_3' title="bbox 0 960 1320 1758">
     <span class='ocr_line' id='line_1_14' title="bbox 95 960 1312 1015; baseline -0.001 -13"><span class='ocrx_word' id='word_1_116' title='bbox 95 963 174 1002; x_wconf 82' lang='lat' dir='ltr'>ibid.</span> <span class='ocrx_word' id='word_1_117' title='bbox 189 962 467 1015; x_wconf 73' lang='grc' dir='ltr'>Ἀναξικλέους)</span> <span class='ocrx_word' id='word_1_118' title='bbox 487 961 568 1001; x_wconf 90' lang='lat' dir='ltr'>Aut</span> <span class='ocrx_word' id='word_1_119' title='bbox 580 962 631 1000; x_wconf 90' lang='lat' dir='ltr'>ita</span> <span class='ocrx_word' id='word_1_120' title='bbox 646 961 706 1001; x_wconf 89' lang='lat' dir='ltr'>hic</span> <span class='ocrx_word' id='word_1_121' title='bbox 717 992 728 1009; x_wconf 84' lang='lat'>,</span> <span class='ocrx_word' id='word_1_122' title='bbox 744 972 786 1000; x_wconf 88' lang='lat' dir='ltr'>ut</span> <span class='ocrx_word' id='word_1_123' title='bbox 799 960 895 1000; x_wconf 88' lang='lat' dir='ltr'>infra</span> <span class='ocrx_word' id='word_1_124' title='bbox 909 960 1071 1013; x_wconf 70' lang='grc' dir='ltr'>Ἀναξ-</span> <span class='ocrx_word' id='word_1_125' title='bbox 1086 961 1288 1014; x_wconf 81' lang='lat' dir='ltr'>legendum</span> <span class='ocrx_word' id='word_1_126' title='bbox 1298 979 1312 1011; x_wconf 81' lang='lat'>3</span> 
     </span>
     <span class='ocr_line' id='line_1_15' title="bbox 0 1016 1315 1069; baseline 0.002 -14"><span class='ocrx_word' id='word_1_127' title='bbox 0 1016 1 1023; x_wconf 73' lang='grc'>’</span> <span class='ocrx_word' id='word_1_128' title='bbox 43 1028 112 1056; x_wconf 82' lang='lat' dir='ltr'>aut</span> <span class='ocrx_word' id='word_1_129' title='bbox 127 1016 202 1056; x_wconf 90' lang='lat' dir='ltr'>illic</span> <span class='ocrx_word' id='word_1_130' title='bbox 215 1017 375 1068; x_wconf 81' lang='grc' dir='ltr'>Ἀλεξ-</span> <span class='ocrx_word' id='word_1_131' title='bbox 391 1016 496 1069; x_wconf 87' lang='lat' dir='ltr'>quod</span> <span class='ocrx_word' id='word_1_132' title='bbox 511 1017 570 1056; x_wconf 90' lang='lat' dir='ltr'>hic</span> <span class='ocrx_word' id='word_1_133' title='bbox 582 1016 617 1054; x_wconf 91' lang='lat' dir='ltr'>in</span> <span class='ocrx_word' id='word_1_134' title='bbox 628 1016 738 1067; x_wconf 83' lang='lat' dir='ltr'><strong>impr.</strong></span> <span class='ocrx_word' id='word_1_135' title='bbox 754 1026 851 1060; x_wconf 86' lang='lat' dir='ltr'>erat,</span> <span class='ocrx_word' id='word_1_136' title='bbox 862 1016 1134 1066; x_wconf 83' lang='lat' dir='ltr'>reponendum.</span> <span class='ocrx_word' id='word_1_137' title='bbox 1155 1016 1315 1058; x_wconf 79' lang='lat' dir='ltr'>SOLAN.</span> 
     </span>
     <span class='ocr_line' id='line_1_16' title="bbox 43 1069 1310 1123; baseline -0.002 -14"><span class='ocrx_word' id='word_1_138' title='bbox 43 1070 323 1123; x_wconf 72' lang='grc' dir='ltr'>Ἀλεξικλέους)</span> <span class='ocrx_word' id='word_1_139' title='bbox 349 1071 477 1110; x_wconf 86' lang='lat' dir='ltr'>Solan.</span> <span class='ocrx_word' id='word_1_140' title='bbox 498 1069 535 1108; x_wconf 90' lang='lat' dir='ltr'>in</span> <span class='ocrx_word' id='word_1_141' title='bbox 558 1080 654 1108; x_wconf 87' lang='lat' dir='ltr'>nott.</span> <span class='ocrx_word' id='word_1_142' title='bbox 670 1069 915 1108; x_wconf 84' lang='lat' dir='ltr'>nihildefinit.</span> <span class='ocrx_word' id='word_1_143' title='bbox 932 1069 972 1107; x_wconf 89' lang='lat' dir='ltr'>In</span> <span class='ocrx_word' id='word_1_144' title='bbox 988 1070 1014 1108; x_wconf 93' lang='lat' dir='ltr'>I.</span> <span class='ocrx_word' id='word_1_145' title='bbox 1031 1082 1129 1109; x_wconf 87' lang='lat' dir='ltr'>vero</span> <span class='ocrx_word' id='word_1_146' title='bbox 1148 1070 1310 1121; x_wconf 76' lang='grc' dir='ltr'>Ἀλεξ-</span> 
     </span>
     <span class='ocr_line' id='line_1_17' title="bbox 45 1122 1317 1177; baseline -0.004 -13"><span class='ocrx_word' id='word_1_147' title='bbox 45 1124 193 1172; x_wconf 88' lang='lat' dir='ltr'>deleto‚</span> <span class='ocrx_word' id='word_1_148' title='bbox 211 1125 372 1176; x_wconf 67' lang='grc' dir='ltr'>Ἀναξ-</span> <span class='ocrx_word' id='word_1_149' title='bbox 400 1122 647 1176; x_wconf 80' lang='lat' dir='ltr'>rescripserat.</span> <span class='ocrx_word' id='word_1_150' title='bbox 670 1123 753 1175; x_wconf 82' lang='lat' dir='ltr'>Ego</span> <span class='ocrx_word' id='word_1_151' title='bbox 775 1122 1000 1175; x_wconf 66' lang='grc' dir='ltr'>Ἀλεξικλέα</span> <span class='ocrx_word' id='word_1_152' title='bbox 1018 1126 1238 1177; x_wconf 60' lang='grc' dir='ltr'>στρατηγὸν</span> <span class='ocrx_word' id='word_1_153' title='bbox 1260 1126 1317 1163; x_wconf 83' lang='lat' dir='ltr'>in.</span> 
     </span>
     <span class='ocr_line' id='line_1_18' title="bbox 2 1176 1314 1231; baseline 0.001 -14"><span class='ocrx_word' id='word_1_154' title='bbox 2 1222 3 1227; x_wconf 16' lang='lat'>¹</span> <span class='ocrx_word' id='word_1_155' title='bbox 45 1179 164 1218; x_wconf 85' lang='lat' dir='ltr'>venio</span> <span class='ocrx_word' id='word_1_156' title='bbox 178 1179 279 1231; x_wconf 86' lang='lat' dir='ltr'>apud</span> <span class='ocrx_word' id='word_1_157' title='bbox 290 1179 471 1230; x_wconf 86' lang='lat' dir='ltr'>Thucyd.</span> <span class='ocrx_word' id='word_1_158' title='bbox 485 1176 604 1224; x_wconf 84' lang='lat' dir='ltr'>VIII,</span> <span class='ocrx_word' id='word_1_159' title='bbox 616 1191 649 1216; x_wconf 93' lang='lat' dir='ltr'>c.</span> <span class='ocrx_word' id='word_1_160' title='bbox 663 1191 724 1230; x_wconf 89' lang='lat'>92.</span> <span class='ocrx_word' id='word_1_161' title='bbox 748 1177 851 1215; x_wconf 88' lang='lat' dir='ltr'>Num</span> <span class='ocrx_word' id='word_1_162' title='bbox 866 1190 963 1216; x_wconf 82' lang='lat' dir='ltr'>vero</span> <span class='ocrx_word' id='word_1_163' title='bbox 979 1178 1076 1217; x_wconf 85' lang='lat' dir='ltr'>idem</span> <span class='ocrx_word' id='word_1_164' title='bbox 1091 1177 1134 1216; x_wconf 84' lang='lat' dir='ltr'>fit</span> <span class='ocrx_word' id='word_1_165' title='bbox 1147 1209 1159 1226; x_wconf 79' lang='lat'>,</span> <span class='ocrx_word' id='word_1_166' title='bbox 1172 1179 1217 1216; x_wconf 89' lang='lat' dir='ltr'>de</span> <span class='ocrx_word' id='word_1_167' title='bbox 1231 1192 1314 1231; x_wconf 89' lang='lat' dir='ltr'>quo</span> 
     </span>
     <span class='ocr_line' id='line_1_19' title="bbox 46 1229 1316 1284; baseline 0.001 -13"><span class='ocrx_word' id='word_1_168' title='bbox 46 1232 121 1281; x_wconf 82' lang='lat' dir='ltr'><strong>hic,</strong></span> <span class='ocrx_word' id='word_1_169' title='bbox 136 1245 215 1272; x_wconf 92' lang='lat' dir='ltr'>non</span> <span class='ocrx_word' id='word_1_170' title='bbox 228 1233 354 1273; x_wconf 87' lang='lat' dir='ltr'>habeo</span> <span class='ocrx_word' id='word_1_171' title='bbox 367 1234 503 1271; x_wconf 83' lang='lat' dir='ltr'>dicere.</span> <span class='ocrx_word' id='word_1_172' title='bbox 517 1232 660 1270; x_wconf 79' lang='lat' dir='ltr'>RE1Tz.</span> <span class='ocrx_word' id='word_1_173' title='bbox 675 1229 818 1270; x_wconf 81' lang='lat' dir='ltr'>Forsan</span> <span class='ocrx_word' id='word_1_174' title='bbox 834 1231 922 1269; x_wconf 87' lang='lat' dir='ltr'>nihil</span> <span class='ocrx_word' id='word_1_175' title='bbox 938 1232 1176 1271; x_wconf 82' lang='lat' dir='ltr'>mutandum.</span> <span class='ocrx_word' id='word_1_176' title='bbox 1188 1232 1316 1284; x_wconf 79' lang='lat' dir='ltr'>Quid-</span> 
     </span>
     <span class='ocr_line' id='line_1_20' title="bbox 0 1283 993 1335; baseline -0.001 -10"><span class='ocrx_word' id='word_1_177' title='bbox 0 1331 2 1335; x_wconf 39' lang='lat'><em>,</em></span> <span class='ocrx_word' id='word_1_178' title='bbox 47 1288 88 1325; x_wconf 91' lang='lat' dir='ltr'>ni</span> <span class='ocrx_word' id='word_1_179' title='bbox 102 1288 206 1326; x_wconf 84' lang='lat' dir='ltr'>enim</span> <span class='ocrx_word' id='word_1_180' title='bbox 225 1287 337 1326; x_wconf 83' lang='lat' dir='ltr'>liceat</span> <span class='ocrx_word' id='word_1_181' title='bbox 357 1286 551 1334; x_wconf 84' lang='lat' dir='ltr'>mendaci,</span> <span class='ocrx_word' id='word_1_182' title='bbox 574 1298 653 1325; x_wconf 89' lang='lat' dir='ltr'>non</span> <span class='ocrx_word' id='word_1_183' title='bbox 669 1283 741 1324; x_wconf 76' lang='lat' dir='ltr'>effe</span> <span class='ocrx_word' id='word_1_184' title='bbox 757 1284 993 1324; x_wconf 81' lang='lat' dir='ltr'>memorem?</span> 
     </span>
     <span class='ocr_line' id='line_1_21' title="bbox 101 1338 1317 1392; baseline 0.001 -13"><span class='ocrx_word' id='word_1_185' title='bbox 101 1343 174 1379; x_wconf 80' lang='lat' dir='ltr'>ead.</span> <span class='ocrx_word' id='word_1_186' title='bbox 188 1342 212 1379; x_wconf 92' lang='lat' dir='ltr'>l.</span> <span class='ocrx_word' id='word_1_187' title='bbox 230 1353 245 1379; x_wconf 91' lang='lat'>1</span> <span class='ocrx_word' id='word_1_188' title='bbox 260 1355 290 1379; x_wconf 83' lang='grc' dir='ltr'>ι.</span> <span class='ocrx_word' id='word_1_189' title='bbox 308 1341 474 1392; x_wconf 76' lang='grc' dir='ltr'>Ἀνέλυε)</span> <span class='ocrx_word' id='word_1_190' title='bbox 498 1339 663 1391; x_wconf 83' lang='lat' dir='ltr'>Optimo</span> <span class='ocrx_word' id='word_1_191' title='bbox 687 1338 774 1377; x_wconf 88' lang='lat' dir='ltr'>sane</span> <span class='ocrx_word' id='word_1_192' title='bbox 789 1338 949 1379; x_wconf 87' lang='lat' dir='ltr'>confilio</span> <span class='ocrx_word' id='word_1_193' title='bbox 976 1338 1027 1378; x_wconf 85' lang='lat' dir='ltr'>fic</span> <span class='ocrx_word' id='word_1_194' title='bbox 1043 1339 1142 1392; x_wconf 90' lang='lat' dir='ltr'>apud</span> <span class='ocrx_word' id='word_1_195' title='bbox 1163 1350 1317 1380; x_wconf 76' lang='lat' dir='ltr'>veteres</span> 
     </span>
     <span class='ocr_line' id='line_1_22' title="bbox 0 1393 1320 1447; baseline 0 -13"><span class='ocrx_word' id='word_1_196' title='bbox 0 1396 2 1403; x_wconf 75' lang='grc'>’</span> <span class='ocrx_word' id='word_1_197' title='bbox 48 1406 319 1447; x_wconf 85' lang='lat' dir='ltr'>comparatum</span> <span class='ocrx_word' id='word_1_198' title='bbox 336 1405 431 1440; x_wconf 86' lang='lat' dir='ltr'>erat,</span> <span class='ocrx_word' id='word_1_199' title='bbox 454 1404 511 1443; x_wconf 91' lang='lat' dir='ltr'>ut,</span> <span class='ocrx_word' id='word_1_200' title='bbox 526 1393 742 1446; x_wconf 80' lang='lat' dir='ltr'>priusquam</span> <span class='ocrx_word' id='word_1_201' title='bbox 757 1393 940 1444; x_wconf 85' lang='lat' dir='ltr'>Logicam</span> <span class='ocrx_word' id='word_1_202' title='bbox 955 1393 1200 1440; x_wconf 84' lang='lat' dir='ltr'>docerentur,</span> <span class='ocrx_word' id='word_1_203' title='bbox 1215 1407 1320 1446; x_wconf 85' lang='lat' dir='ltr'>quae</span> 
     </span>
     <span class='ocr_line' id='line_1_23' title="bbox 48 1446 1318 1499; baseline 0 -12"><span class='ocrx_word' id='word_1_204' title='bbox 48 1460 242 1488; x_wconf 87' lang='lat' dir='ltr'>maturum</span> <span class='ocrx_word' id='word_1_205' title='bbox 257 1450 331 1487; x_wconf 88' lang='lat' dir='ltr'>iam</span> <span class='ocrx_word' id='word_1_206' title='bbox 344 1479 356 1495; x_wconf 88' lang='lat'><strong><em>,</em></strong></span> <span class='ocrx_word' id='word_1_207' title='bbox 377 1458 481 1488; x_wconf 89' lang='lat' dir='ltr'>certe</span> <span class='ocrx_word' id='word_1_208' title='bbox 495 1460 625 1486; x_wconf 87' lang='lat' dir='ltr'>rerum</span> <span class='ocrx_word' id='word_1_209' title='bbox 638 1447 858 1499; x_wconf 85' lang='lat' dir='ltr'>cognitione</span> <span class='ocrx_word' id='word_1_210' title='bbox 872 1446 1094 1486; x_wconf 72' lang='lat' dir='ltr'>instru&amp;um</span> <span class='ocrx_word' id='word_1_211' title='bbox 1107 1479 1120 1494; x_wconf 91' lang='lat'>,</span> <span class='ocrx_word' id='word_1_212' title='bbox 1135 1447 1318 1488; x_wconf 86' lang='lat' dir='ltr'>iudicium</span> 
     </span>
     <span class='ocr_line' id='line_1_24' title="bbox 0 1500 1318 1555; baseline 0.002 -16"><span class='ocrx_word' id='word_1_213' title='bbox 0 1517 1 1539; x_wconf 55' lang='lat' dir='ltr'>l</span> <span class='ocrx_word' id='word_1_214' title='bbox 46 1504 224 1555; x_wconf 81' lang='lat' dir='ltr'>requirit,</span> <span class='ocrx_word' id='word_1_215' title='bbox 250 1502 410 1555; x_wconf 77' lang='lat' dir='ltr'>Physica</span> <span class='ocrx_word' id='word_1_216' title='bbox 427 1501 617 1541; x_wconf 85' lang='lat' dir='ltr'>audirent.</span> <span class='ocrx_word' id='word_1_217' title='bbox 639 1501 757 1540; x_wconf 86' lang='lat' dir='ltr'>Stoici</span> <span class='ocrx_word' id='word_1_218' title='bbox 774 1514 870 1540; x_wconf 89' lang='lat' dir='ltr'>vero</span> <span class='ocrx_word' id='word_1_219' title='bbox 887 1514 967 1540; x_wconf 89' lang='lat' dir='ltr'>non</span> <span class='ocrx_word' id='word_1_220' title='bbox 982 1500 1150 1541; x_wconf 88' lang='lat' dir='ltr'>secundo</span> <span class='ocrx_word' id='word_1_221' title='bbox 1165 1513 1318 1541; x_wconf 85' lang='lat' dir='ltr'>tantum</span> 
     </span>
     <span class='ocr_line' id='line_1_25' title="bbox 0 1554 1318 1606; baseline -0.001 -10"><span class='ocrx_word' id='word_1_222' title='bbox 0 1561 1 1567; x_wconf 77' lang='grc'>’</span> <span class='ocrx_word' id='word_1_223' title='bbox 47 1557 142 1597; x_wconf 90' lang='lat' dir='ltr'>Ioco</span> <span class='ocrx_word' id='word_1_224' title='bbox 156 1587 167 1604; x_wconf 92' lang='lat'>‚</span> <span class='ocrx_word' id='word_1_225' title='bbox 187 1556 246 1596; x_wconf 93' lang='lat' dir='ltr'>sed</span> <span class='ocrx_word' id='word_1_226' title='bbox 266 1557 380 1596; x_wconf 89' lang='lat' dir='ltr'>tertio</span> <span class='ocrx_word' id='word_1_227' title='bbox 401 1557 442 1596; x_wconf 74' lang='grc' dir='ltr'>δι</span> <span class='ocrx_word' id='word_1_228' title='bbox 457 1556 596 1594; x_wconf 89' lang='lat' dir='ltr'>ultimo</span> <span class='ocrx_word' id='word_1_229' title='bbox 612 1555 790 1594; x_wconf 86' lang='lat' dir='ltr'>videntur</span> <span class='ocrx_word' id='word_1_230' title='bbox 813 1556 993 1606; x_wconf 80' lang='lat' dir='ltr'>Logicam</span> <span class='ocrx_word' id='word_1_231' title='bbox 1011 1554 1189 1594; x_wconf 83' lang='lat' dir='ltr'>docuiffe.</span> <span class='ocrx_word' id='word_1_232' title='bbox 1218 1557 1318 1595; x_wconf 86' lang='lat' dir='ltr'>Vide</span> 
     </span>
     <span class='ocr_line' id='line_1_26' title="bbox 50 1608 1318 1663; baseline -0.002 -13"><span class='ocrx_word' id='word_1_233' title='bbox 50 1610 171 1663; x_wconf 82' lang='lat' dir='ltr'>Diog.</span> <span class='ocrx_word' id='word_1_234' title='bbox 188 1611 313 1650; x_wconf 78' lang='lat' dir='ltr'>Laert.</span> <span class='ocrx_word' id='word_1_235' title='bbox 335 1622 420 1663; x_wconf 82' lang='lat' dir='ltr'>pag.</span> <span class='ocrx_word' id='word_1_236' title='bbox 438 1623 506 1663; x_wconf 80' lang='lat'>173</span> <span class='ocrx_word' id='word_1_237' title='bbox 523 1608 576 1647; x_wconf 84' lang='lat' dir='ltr'>D.</span> <span class='ocrx_word' id='word_1_238' title='bbox 600 1622 833 1661; x_wconf 85' lang='lat' dir='ltr'>quamquam</span> <span class='ocrx_word' id='word_1_239' title='bbox 850 1610 949 1648; x_wconf 90' lang='lat' dir='ltr'>idem</span> <span class='ocrx_word' id='word_1_240' title='bbox 972 1609 1078 1661; x_wconf 82' lang='lat'>(174</span> <span class='ocrx_word' id='word_1_241' title='bbox 1091 1609 1164 1661; x_wconf 89' lang='lat' dir='ltr'>A.)</span> <span class='ocrx_word' id='word_1_242' title='bbox 1188 1611 1318 1657; x_wconf 81' lang='lat' dir='ltr'>docet,</span> 
     </span>
     <span class='ocr_line' id='line_1_27' title="bbox 51 1662 1319 1717; baseline 0.002 -16"><span class='ocrx_word' id='word_1_243' title='bbox 51 1664 150 1703; x_wconf 84' lang='lat' dir='ltr'>alios</span> <span class='ocrx_word' id='word_1_244' title='bbox 170 1665 319 1705; x_wconf 85' lang='lat' dir='ltr'>Stoicos</span> <span class='ocrx_word' id='word_1_245' title='bbox 342 1666 508 1717; x_wconf 89' lang='lat' dir='ltr'>primum</span> <span class='ocrx_word' id='word_1_246' title='bbox 532 1662 698 1704; x_wconf 77' lang='lat' dir='ltr'>docuisse</span> <span class='ocrx_word' id='word_1_247' title='bbox 719 1663 900 1716; x_wconf 86' lang='lat' dir='ltr'>Logicam</span> <span class='ocrx_word' id='word_1_248' title='bbox 916 1693 927 1712; x_wconf 92' lang='lat'>,</span> <span class='ocrx_word' id='word_1_249' title='bbox 953 1677 987 1702; x_wconf 89' lang='lat'>2.</span> <span class='ocrx_word' id='word_1_250' title='bbox 1011 1662 1124 1714; x_wconf 89' lang='lat' dir='ltr'>Phys.</span> <span class='ocrx_word' id='word_1_251' title='bbox 1153 1678 1187 1716; x_wconf 85' lang='lat'>3.</span> <span class='ocrx_word' id='word_1_252' title='bbox 1211 1665 1319 1704; x_wconf 85' lang='lat' dir='ltr'>Mor.</span> 
     </span>
     <span class='ocr_line' id='line_1_28' title="bbox 50 1718 322 1758; baseline 0 -1"><span class='ocrx_word' id='word_1_253' title='bbox 50 1718 143 1758; x_wconf 88' lang='lat' dir='ltr'>Phil.</span> <span class='ocrx_word' id='word_1_254' title='bbox 162 1719 322 1758; x_wconf 74' lang='lat' dir='ltr'>SOLAN.</span> 
     </span>
    </p>

    <p class='ocr_par' dir='ltr' id='par_1_4' title="bbox 106 1770 1320 1826">
     <span class='ocr_line' id='line_1_29' title="bbox 106 1770 1320 1826; baseline 0 -14"><span class='ocrx_word' id='word_1_255' title='bbox 106 1774 200 1826; x_wconf 75' lang='lat' dir='ltr'>Pag.</span> <span class='ocrx_word' id='word_1_256' title='bbox 214 1775 301 1822; x_wconf 79' lang='lat'>264.</span> <span class='ocrx_word' id='word_1_257' title='bbox 317 1773 339 1811; x_wconf 85' lang='lat' dir='ltr'>l.</span> <span class='ocrx_word' id='word_1_258' title='bbox 357 1787 387 1811; x_wconf 89' lang='lat'>1.</span> <span class='ocrx_word' id='word_1_259' title='bbox 401 1771 518 1824; x_wconf 78' lang='grc' dir='ltr'>Βόθρον</span> <span class='ocrx_word' id='word_1_260' title='bbox 530 1787 574 1812; x_wconf 74' lang='grc' dir='ltr'>τε</span> <span class='ocrx_word' id='word_1_261' title='bbox 589 1770 826 1824; x_wconf 63' lang='grc' dir='ltr'>ὀρυξάμενος)</span> <span class='ocrx_word' id='word_1_262' title='bbox 840 1771 992 1810; x_wconf 82' lang='lat' dir='ltr'>Heliod.</span> <span class='ocrx_word' id='word_1_263' title='bbox 1008 1771 1073 1811; x_wconf 85' lang='lat' dir='ltr'>lib.</span> <span class='ocrx_word' id='word_1_264' title='bbox 1086 1773 1124 1811; x_wconf 91' lang='lat'>6.</span> <span class='ocrx_word' id='word_1_265' title='bbox 1140 1772 1320 1812; x_wconf 60' lang='lat' dir='ltr'>BOURD.⁴</span> 
     </span>
    </p>

    <p class='ocr_par' dir='ltr' id='par_1_5' title="bbox 6 1824 1321 1974">
     <span class='ocr_line' id='line_1_30' title="bbox 107 1824 1321 1879; baseline 0 -15"><span class='ocrx_word' id='word_1_266' title='bbox 107 1830 180 1866; x_wconf 85' lang='lat' dir='ltr'>ead.</span> <span class='ocrx_word' id='word_1_267' title='bbox 196 1828 219 1865; x_wconf 92' lang='lat' dir='ltr'>l.</span> <span class='ocrx_word' id='word_1_268' title='bbox 235 1842 270 1879; x_wconf 92' lang='lat'>9.</span> <span class='ocrx_word' id='word_1_269' title='bbox 289 1827 501 1866; x_wconf 68' lang='grc' dir='ltr'>Γυναικείαν</span> <span class='ocrx_word' id='word_1_270' title='bbox 520 1827 683 1878; x_wconf 59' lang='grc' dir='ltr'>μορφὴν)</span> <span class='ocrx_word' id='word_1_271' title='bbox 700 1826 849 1877; x_wconf 87' lang='lat' dir='ltr'>Nempe</span> <span class='ocrx_word' id='word_1_272' title='bbox 865 1824 1006 1878; x_wconf 88' lang='lat' dir='ltr'>species</span> <span class='ocrx_word' id='word_1_273' title='bbox 1022 1826 1187 1865; x_wconf 82' lang='lat' dir='ltr'>humana</span> <span class='ocrx_word' id='word_1_274' title='bbox 1203 1828 1321 1877; x_wconf 86' lang='lat' dir='ltr'>perti-</span> 
     </span>
     <span class='ocr_line' id='line_1_31' title="bbox 6 1880 1319 1932; baseline -0.001 -12"><span class='ocrx_word' id='word_1_275' title='bbox 6 1884 7 1887; x_wconf 77' lang='grc'>’</span> <span class='ocrx_word' id='word_1_276' title='bbox 55 1882 176 1920; x_wconf 84' lang='lat' dir='ltr'>netad</span> <span class='ocrx_word' id='word_1_277' title='bbox 189 1880 361 1920; x_wconf 83' lang='lat' dir='ltr'>Dianam</span> <span class='ocrx_word' id='word_1_278' title='bbox 375 1912 384 1927; x_wconf 92' lang='lat'>‚</span> <span class='ocrx_word' id='word_1_279' title='bbox 409 1880 481 1919; x_wconf 82' lang='lat' dir='ltr'>bos</span> <span class='ocrx_word' id='word_1_280' title='bbox 492 1880 544 1919; x_wconf 87' lang='lat' dir='ltr'>est</span> <span class='ocrx_word' id='word_1_281' title='bbox 555 1880 621 1919; x_wconf 82' lang='lat' dir='ltr'>Isis</span> <span class='ocrx_word' id='word_1_282' title='bbox 632 1910 643 1928; x_wconf 87' lang='lat'>,</span> <span class='ocrx_word' id='word_1_283' title='bbox 671 1880 777 1920; x_wconf 85' lang='lat' dir='ltr'>canis</span> <span class='ocrx_word' id='word_1_284' title='bbox 791 1880 960 1925; x_wconf 86' lang='lat' dir='ltr'>Hecate,</span> <span class='ocrx_word' id='word_1_285' title='bbox 981 1893 1079 1932; x_wconf 85' lang='lat' dir='ltr'>quae</span> <span class='ocrx_word' id='word_1_286' title='bbox 1103 1881 1259 1919; x_wconf 87' lang='lat' dir='ltr'>nomina</span> <span class='ocrx_word' id='word_1_287' title='bbox 1272 1880 1319 1919; x_wconf 86' lang='lat' dir='ltr'>ad</span> 
     </span>
     <span class='ocr_line' id='line_1_32' title="bbox 55 1933 680 1974; baseline -0.002 0"><span class='ocrx_word' id='word_1_288' title='bbox 55 1935 204 1974; x_wconf 84' lang='lat' dir='ltr'>Lunam</span> <span class='ocrx_word' id='word_1_289' title='bbox 222 1935 354 1974; x_wconf 83' lang='lat' dir='ltr'>referri</span> <span class='ocrx_word' id='word_1_290' title='bbox 370 1933 531 1974; x_wconf 81' lang='lat' dir='ltr'>conflat.</span> <span class='ocrx_word' id='word_1_291' title='bbox 551 1934 680 1974; x_wconf 76' lang='lat' dir='ltr'>GEsN.</span> 
     </span>
    </p>

    <p class='ocr_par' dir='ltr' id='par_1_6' title="bbox 57 1986 1324 2095">
     <span class='ocr_line' id='line_1_33' title="bbox 107 1986 1324 2042; baseline -0.001 -15"><span class='ocrx_word' id='word_1_292' title='bbox 107 1991 180 2027; x_wconf 84' lang='lat' dir='ltr'>ead.</span> <span class='ocrx_word' id='word_1_293' title='bbox 196 1991 219 2028; x_wconf 89' lang='lat' dir='ltr'>l.</span> <span class='ocrx_word' id='word_1_294' title='bbox 240 2004 252 2028; x_wconf 92' lang='lat'>1</span> <span class='ocrx_word' id='word_1_295' title='bbox 268 1988 628 2042; x_wconf 75' lang='grc' dir='ltr'>ς.Ἐμμοινέστοιτα,)</span> <span class='ocrx_word' id='word_1_296' title='bbox 651 1987 773 2039; x_wconf 87' lang='lat' dir='ltr'>Supra</span> <span class='ocrx_word' id='word_1_297' title='bbox 786 1987 876 2027; x_wconf 82' lang='grc' dir='ltr'>Ἶστ.</span> <span class='ocrx_word' id='word_1_298' title='bbox 896 1989 930 2033; x_wconf 69' lang='grc' dir='ltr'>[Ξ.</span> <span class='ocrx_word' id='word_1_299' title='bbox 947 1987 1138 2039; x_wconf 67' lang='grc' dir='ltr'>ἐπιμανῶς</span> <span class='ocrx_word' id='word_1_300' title='bbox 1153 1986 1324 2041; x_wconf 47' lang='lat' dir='ltr'>dayam&amp;</span> 
     </span>
     <span class='ocr_line' id='line_1_34' title="bbox 57 2042 1032 2095; baseline -0.003 -12"><span class='ocrx_word' id='word_1_301' title='bbox 57 2057 123 2083; x_wconf 70' lang='lat' dir='ltr'>cce..</span> <span class='ocrx_word' id='word_1_302' title='bbox 137 2042 243 2082; x_wconf 88' lang='lat' dir='ltr'>Infra</span> <span class='ocrx_word' id='word_1_303' title='bbox 261 2044 421 2095; x_wconf 76' lang='grc' dir='ltr'>Ἀποφρ.</span> <span class='ocrx_word' id='word_1_304' title='bbox 438 2056 469 2082; x_wconf 96' lang='lat' dir='ltr'>c.</span> <span class='ocrx_word' id='word_1_305' title='bbox 483 2057 546 2089; x_wconf 80' lang='lat'>21,</span> <span class='ocrx_word' id='word_1_306' title='bbox 563 2043 853 2094; x_wconf 66' lang='grc' dir='ltr'>ἐπιμανέστεροι.</span> <span class='ocrx_word' id='word_1_307' title='bbox 874 2042 1032 2081; x_wconf 79' lang='lat' dir='ltr'>SOLAN.</span> 
     </span>
    </p>

    <p class='ocr_par' dir='ltr' id='par_1_7' title="bbox 56 2095 1325 2260">
     <span class='ocr_line' id='line_1_35' title="bbox 111 2095 1325 2151; baseline 0.002 -17"><span class='ocrx_word' id='word_1_308' title='bbox 111 2097 202 2151; x_wconf 82' lang='lat' dir='ltr'>Pag.</span> <span class='ocrx_word' id='word_1_309' title='bbox 215 2099 302 2150; x_wconf 88' lang='lat'>265.</span> <span class='ocrx_word' id='word_1_310' title='bbox 319 2099 342 2137; x_wconf 90' lang='lat' dir='ltr'>l.</span> <span class='ocrx_word' id='word_1_311' title='bbox 362 2111 391 2136; x_wconf 87' lang='lat'>1.</span> <span class='ocrx_word' id='word_1_312' title='bbox 407 2101 453 2134; x_wconf 70' lang='lat' dir='ltr'>Tb</span> <span class='ocrx_word' id='word_1_313' title='bbox 467 2097 680 2150; x_wconf 62' lang='grc' dir='ltr'>λυκαυγὲς)</span> <span class='ocrx_word' id='word_1_314' title='bbox 697 2096 725 2135; x_wconf 91' lang='grc' dir='ltr'>Ι.</span> <span class='ocrx_word' id='word_1_315' title='bbox 741 2109 772 2135; x_wconf 89' lang='lat' dir='ltr'>e.</span> <span class='ocrx_word' id='word_1_316' title='bbox 787 2100 829 2135; x_wconf 75' lang='grc' dir='ltr'>το</span> <span class='ocrx_word' id='word_1_317' title='bbox 852 2097 1035 2146; x_wconf 76' lang='grc' dir='ltr'>λυκόφως.</span> <span class='ocrx_word' id='word_1_318' title='bbox 1055 2095 1110 2134; x_wconf 87' lang='lat' dir='ltr'>Ex</span> <span class='ocrx_word' id='word_1_319' title='bbox 1125 2095 1240 2149; x_wconf 61' lang='grc' dir='ltr'>λύγος</span> <span class='ocrx_word' id='word_1_320' title='bbox 1255 2095 1325 2137; x_wconf 83' lang='lat' dir='ltr'>seu.</span> 
     </span>
     <span class='ocr_line' id='line_1_36' title="bbox 56 2149 1323 2205; baseline -0.002 -15"><span class='ocrx_word' id='word_1_321' title='bbox 56 2150 159 2204; x_wconf 60' lang='grc' dir='ltr'>λὺ-γη</span> <span class='ocrx_word' id='word_1_322' title='bbox 182 2164 395 2205; x_wconf 88' lang='lat' dir='ltr'>utrumque</span> <span class='ocrx_word' id='word_1_323' title='bbox 406 2151 665 2202; x_wconf 79' lang='lat' dir='ltr'>compositum</span> <span class='ocrx_word' id='word_1_324' title='bbox 679 2150 866 2201; x_wconf 70' lang='grc' dir='ltr'>λυκὲφως,</span> <span class='ocrx_word' id='word_1_325' title='bbox 880 2150 1085 2203; x_wconf 64' lang='grc' dir='ltr'>λυκαυγὲς,</span> <span class='ocrx_word' id='word_1_326' title='bbox 1109 2163 1182 2203; x_wconf 86' lang='lat' dir='ltr'>pro</span> <span class='ocrx_word' id='word_1_327' title='bbox 1203 2149 1323 2203; x_wconf 61' lang='grc' dir='ltr'>λυγόο</span> 
     </span>
     <span class='ocr_line' id='line_1_37' title="bbox 59 2205 584 2260; baseline 0 -17"><span class='ocrx_word' id='word_1_328' title='bbox 59 2217 155 2256; x_wconf 78' lang='grc' dir='ltr'>φως,</span> <span class='ocrx_word' id='word_1_329' title='bbox 172 2207 387 2260; x_wconf 65' lang='grc' dir='ltr'>λυγαυγὲς.</span> <span class='ocrx_word' id='word_1_330' title='bbox 413 2205 584 2245; x_wconf 80' lang='lat' dir='ltr'>GUYET.</span> 
     </span>
    </p>

    <p class='ocr_par' dir='ltr' id='par_1_8' title="bbox 58 2254 1331 2585">
     <span class='ocr_line' id='line_1_38' title="bbox 115 2254 1326 2313; baseline 0 -15"><span class='ocrx_word' id='word_1_331' title='bbox 115 2263 188 2300; x_wconf 70' lang='lat' dir='ltr'>ead.</span> <span class='ocrx_word' id='word_1_332' title='bbox 200 2261 222 2298; x_wconf 93' lang='lat' dir='ltr'>l.</span> <span class='ocrx_word' id='word_1_333' title='bbox 242 2275 276 2312; x_wconf 86' lang='lat'>3.</span> <span class='ocrx_word' id='word_1_334' title='bbox 302 2254 352 2298; x_wconf 65' lang='grc' dir='ltr'>Εὖ</span> <span class='ocrx_word' id='word_1_335' title='bbox 364 2258 727 2313; x_wconf 56' lang='lat' dir='ltr'>A{7515)Paruiffem</span> <span class='ocrx_word' id='word_1_336' title='bbox 742 2258 801 2298; x_wconf 89' lang='lat' dir='ltr'>hic</span> <span class='ocrx_word' id='word_1_337' title='bbox 816 2258 976 2310; x_wconf 80' lang='lat' dir='ltr'>margini</span> <span class='ocrx_word' id='word_1_338' title='bbox 990 2258 1175 2304; x_wconf 77' lang='lat' dir='ltr'>Aldinae,</span> <span class='ocrx_word' id='word_1_339' title='bbox 1195 2258 1326 2310; x_wconf 63' lang='lat' dir='ltr'>perso·⁴</span> 
     </span>
     <span class='ocr_line' id='line_1_39' title="bbox 58 2312 1323 2366; baseline 0 -14"><span class='ocrx_word' id='word_1_340' title='bbox 58 2326 132 2352; x_wconf 82' lang='lat' dir='ltr'>nae</span> <span class='ocrx_word' id='word_1_341' title='bbox 145 2327 274 2354; x_wconf 88' lang='lat' dir='ltr'>novae</span> <span class='ocrx_word' id='word_1_342' title='bbox 289 2326 431 2353; x_wconf 89' lang='lat' dir='ltr'>nomen</span> <span class='ocrx_word' id='word_1_343' title='bbox 447 2315 686 2366; x_wconf 80' lang='lat' dir='ltr'>praemittere</span> <span class='ocrx_word' id='word_1_344' title='bbox 700 2314 865 2352; x_wconf 84' lang='lat' dir='ltr'>iubentis</span> <span class='ocrx_word' id='word_1_345' title='bbox 879 2344 890 2361; x_wconf 88' lang='lat'>,</span> <span class='ocrx_word' id='word_1_346' title='bbox 908 2326 1022 2364; x_wconf 85' lang='lat' dir='ltr'>quam</span> <span class='ocrx_word' id='word_1_347' title='bbox 1041 2313 1120 2350; x_wconf 84' lang='lat' dir='ltr'>edd.</span> <span class='ocrx_word' id='word_1_348' title='bbox 1141 2312 1323 2360; x_wconf 79' lang='lat' dir='ltr'>omisere3</span> 
     </span>
     <span class='ocr_line' id='line_1_40' title="bbox 59 2365 1325 2420; baseline -0.002 -14"><span class='ocrx_word' id='word_1_349' title='bbox 59 2367 121 2407; x_wconf 83' lang='lat' dir='ltr'>sed</span> <span class='ocrx_word' id='word_1_350' title='bbox 134 2369 223 2420; x_wconf 86' lang='lat' dir='ltr'>quia</span> <span class='ocrx_word' id='word_1_351' title='bbox 240 2368 336 2407; x_wconf 89' lang='lat' dir='ltr'>idem</span> <span class='ocrx_word' id='word_1_352' title='bbox 351 2368 433 2420; x_wconf 83' lang='lat' dir='ltr'>plus</span> <span class='ocrx_word' id='word_1_353' title='bbox 448 2368 601 2420; x_wconf 78' lang='lat' dir='ltr'>triginta</span> <span class='ocrx_word' id='word_1_354' title='bbox 615 2368 765 2406; x_wconf 83' lang='lat' dir='ltr'>vicibus</span> <span class='ocrx_word' id='word_1_355' title='bbox 779 2368 816 2405; x_wconf 88' lang='lat' dir='ltr'>in</span> <span class='ocrx_word' id='word_1_356' title='bbox 832 2379 911 2405; x_wconf 88' lang='lat' dir='ltr'>uno</span> <span class='ocrx_word' id='word_1_357' title='bbox 928 2366 1003 2405; x_wconf 89' lang='lat' dir='ltr'>hoc</span> <span class='ocrx_word' id='word_1_358' title='bbox 1016 2365 1186 2418; x_wconf 83' lang='lat' dir='ltr'>Dialogo</span> <span class='ocrx_word' id='word_1_359' title='bbox 1202 2366 1325 2411; x_wconf 87' lang='lat' dir='ltr'>iubet,</span> 
     </span>
     <span class='ocr_line' id='line_1_41' title="bbox 63 2419 1326 2469; baseline -0.002 -10"><span class='ocrx_word' id='word_1_360' title='bbox 63 2421 104 2459; x_wconf 72' lang='grc' dir='ltr'>δι</span> <span class='ocrx_word' id='word_1_361' title='bbox 119 2422 338 2463; x_wconf 62' lang='lat' dir='ltr'>coniectura</span> <span class='ocrx_word' id='word_1_362' title='bbox 353 2433 500 2461; x_wconf 82' lang='lat' dir='ltr'>tantum</span> <span class='ocrx_word' id='word_1_363' title='bbox 515 2421 589 2469; x_wconf 84' lang='lat' dir='ltr'>est,</span> <span class='ocrx_word' id='word_1_364' title='bbox 605 2434 684 2460; x_wconf 91' lang='lat' dir='ltr'>non</span> <span class='ocrx_word' id='word_1_365' title='bbox 697 2420 853 2460; x_wconf 84' lang='lat' dir='ltr'>Codicis</span> <span class='ocrx_word' id='word_1_366' title='bbox 871 2419 1002 2466; x_wconf 73' lang='lat' dir='ltr'>leffio,</span> <span class='ocrx_word' id='word_1_367' title='bbox 1026 2432 1103 2458; x_wconf 91' lang='lat' dir='ltr'>non</span> <span class='ocrx_word' id='word_1_368' title='bbox 1118 2431 1265 2458; x_wconf 86' lang='lat' dir='ltr'>tantum</span> <span class='ocrx_word' id='word_1_369' title='bbox 1287 2420 1326 2458; x_wconf 81' lang='lat' dir='ltr'>ei</span> 
     </span>
     <span class='ocr_line' id='line_1_42' title="bbox 61 2473 1328 2522; baseline -0.002 -9"><span class='ocrx_word' id='word_1_370' title='bbox 61 2475 305 2514; x_wconf 87' lang='lat' dir='ltr'>tribuendum</span> <span class='ocrx_word' id='word_1_371' title='bbox 326 2476 440 2522; x_wconf 80' lang='lat' dir='ltr'>duxi,</span> <span class='ocrx_word' id='word_1_372' title='bbox 468 2487 511 2515; x_wconf 89' lang='lat' dir='ltr'>ut</span> <span class='ocrx_word' id='word_1_373' title='bbox 532 2476 649 2514; x_wconf 84' lang='lat' dir='ltr'>nimia</span> <span class='ocrx_word' id='word_1_374' title='bbox 672 2475 881 2513; x_wconf 79' lang='lat' dir='ltr'>mutatione</span> <span class='ocrx_word' id='word_1_375' title='bbox 906 2485 1039 2512; x_wconf 87' lang='lat' dir='ltr'>contra</span> <span class='ocrx_word' id='word_1_376' title='bbox 1059 2473 1328 2512; x_wconf 64' lang='lat' dir='ltr'>auestoritatem</span> 
     </span>
     <span class='ocr_line' id='line_1_43' title="bbox 63 2526 1331 2585; baseline -0.006 -16"><span class='ocrx_word' id='word_1_377' title='bbox 63 2529 145 2570; x_wconf 83' lang='lat' dir='ltr'>edd.</span> <span class='ocrx_word' id='word_1_378' title='bbox 165 2529 206 2572; x_wconf 79' lang='grc' dir='ltr'>δι</span> <span class='ocrx_word' id='word_1_379' title='bbox 229 2529 450 2571; x_wconf 83' lang='lat' dir='ltr'>nostrorum</span> <span class='ocrx_word' id='word_1_380' title='bbox 464 2529 586 2570; x_wconf 91' lang='lat' dir='ltr'>Codd.</span> <span class='ocrx_word' id='word_1_381' title='bbox 600 2528 794 2585; x_wconf 82' lang='lat' dir='ltr'>grassarer.</span> <span class='ocrx_word' id='word_1_382' title='bbox 820 2528 946 2568; x_wconf 83' lang='lat' dir='ltr'>Immo</span> <span class='ocrx_word' id='word_1_383' title='bbox 969 2540 1011 2568; x_wconf 87' lang='lat' dir='ltr'>re</span> <span class='ocrx_word' id='word_1_384' title='bbox 1035 2528 1197 2581; x_wconf 82' lang='lat' dir='ltr'>penitius</span> <span class='ocrx_word' id='word_1_385' title='bbox 1208 2526 1331 2579; x_wconf 69' lang='lat' dir='ltr'>inspe-</span> 
     </span>
    </p>
   </div>
  </div>
 </body>
</html>
