1956 3444
262 255 342 300 IN
398 251 1135 300 ICAROMENIPPUM.
1251 264 1344 316 397

76 343 151 384 turi
165 372 176 391 .,
193 343 298 396 quod
318 343 357 382 in
378 353 465 383 toto
482 343 605 382 Novo
617 342 788 382 Foedere
800 342 992 388 occurrit,
1019 341 1196 380 nimirum
1215 343 1349 393 κενρὰρ

77 396 214 450 {gomet
232 397 378 449 Evang.
392 398 482 436 Luc.
495 397 604 442 XIX,
617 410 683 444 40,
698 396 740 434 stt
754 398 844 434 loco
860 395 975 434 futuri
990 396 1183 434 ordinarii.
1203 395 1348 434 RHTz.

127 453 202 490 ead.
219 451 240 488 l.
262 450 586 503 4.Ἀνυπόδ“ετος)
612 449 730 489 Conf.
758 450 868 502 supra
889 448 993 488 Asm.
1020 462 1053 488 c.
1074 450 1119 488 16
1134 462 1184 488 m.
1215 449 1347 501 ibique

75 514 223 543 notata.
247 504 397 543 ΚΕΗ-Ζ.

133 561 209 596 ead.
225 558 250 596 l.
269 555 462 609 ιο.“11μῖν)
486 557 545 597 Sic
556 556 612 595 ed.
629 557 681 595 Fl.
695 556 739 595 In
755 555 909 608 reliquis
920 554 1017 605 ὑμῖν.
1041 555 1201 595 SOLAN.

129 613 204 650 ead.
221 611 244 649 l.
259 624 318 661 15.
336 611 473 649 Πεΐσαι
487 613 550 649 τὶν
565 610 658 663 βίον)
674 611 807 650 Genus
821 611 1035 650 humanum
1047 639 1059 657 ‚
1081 610 1188 661 quod
1201 609 1350 650 Nostro

76 662 262 704 familiare
273 663 344 703 est:
363 664 408 702 ab
425 665 505 702 aliis
519 677 678 716 quoque
693 663 803 716 saepe
819 663 867 703 fic
881 664 1040 708 vocari,
1057 663 1240 713 exemplis
1265 664 1351 714 plu·

73 718 181 757 rimis
193 716 467 757 demonstravit
480 717 732 757 Casaubonus
749 719 795 756 ad
807 718 947 757 Athen.
968 717 1061 761 XV,
1081 729 1121 767 5,
1141 717 1206 754 ubi
1222 729 1348 767 neque

75 771 178 812 hunc
190 771 319 810 locum
336 770 490 810 laudare
503 770 649 819 omisit,
675 784 800 823 neque
822 772 912 810 illud
935 783 1015 809 non
1038 770 1213 814 monuit,
1238 771 1348 808 vitam

72 826 210 864 eodem
226 825 344 864 modo
356 825 425 864 dici
439 824 606 864 Senecae
620 837 735 877 atque
746 825 883 864 Plinio:
904 836 975 862 nos
990 823 1108 877 paulo
1126 833 1213 861 ante
1232 824 1272 862 &
1287 823 1350 862 hic

66 878 222 930 seculum
243 879 354 917 bonis
379 878 507 917 itidem
529 878 752 918 au&oribus
776 890 977 918 vocamus.
1001 877 1131 917 GESN.
1157 876 1215 915 Ita
1234 875 1349 927 supra

74 932 178 972 Tim.
193 932 208 981 ἕ
223 946 287 983 25,
303 934 372 982 ’πρὸ
387 931 535 971 πολλοῦ
548 931 774 971 ἐκλελοιπὸς
791 931 833 970 ἐκ.
849 931 918 971 τοῦ
931 931 1025 976 βίον,
1039 946 1125 984 quae
1138 931 1206 969 iam
1217 931 1347 981 pridem

75 986 159 1025 inter
173 988 321 1025 homines
332 987 462 1033 defecit.
483 985 590 1032 Alia,
603 985 648 1024 de
661 997 742 1024 tota
757 986 859 1025 vitae
875 985 1025 1025 ratione
1035 1014 1048 1031 ,
1063 985 1137 1024 vid.
1153 985 1192 1023 in
1206 984 1347 1023 Amor.

74 1052 109 1079 c.
125 1053 175 1078 20
193 1041 231 1078 &
248 1053 308 1092 33.
325 1040 384 1078 Ac
402 1038 501 1078 Gall.
517 1052 550 1078 c.
571 1052 587 1090 5
603 1052 660 1091 pr.
689 1039 836 1078 REITz.

130 1093 218 1146 Pag.
231 1107 294 1145 45.
307 1094 330 1131 l.
347 1109 384 1141 4.
401 1091 505 1143 Ἡμῖν
520 1093 836 1145 ἀσφαλέστατα)
863 1090 939 1131 Etst
955 1092 1038 1131 Par.
1053 1104 1213 1144 quoque
1228 1091 1351 1131 habei

73 1157 135 1188 ret
154 1145 254 1196 ὑμῖν,
277 1147 317 1184 in
335 1145 512 1186 verslone
524 1157 653 1185 tamen
669 1147 821 1185 dederat
840 1147 955 1186 nobis.-
976 1147 1081 1198 quod
1106 1159 1194 1185 cum
1220 1144 1349 1186 sensus

72 1200 261 1254 postulet,
283 1201 373 1253 quia
388 1201 515 1239 oratio
527 1201 690 1253 pertinet
703 1201 750 1239 ad
771 1213 906 1239 omnes
932 1199 1042 1238 Deos
1066 1199 1349 1249 consultantes,

74 1256 140 1306 qui
156 1255 216 1293 hic
228 1266 482 1306 opponuntur
495 1254 713 1292 hominibus
723 1285 733 1301 ‚
755 1253 854 1292 haud
869 1264 1028 1306 gravate
1039 1253 1067 1291 F
1070 1253 1282 1292 lorentinae
1297 1254 1351 1293 le-

73 1309 241 1348 &ionem
257 1308 395 1359 recepi,
412 1307 555 1347 Solano
568 1308 681 1347 etiam
696 1308 864 1354 iubente,
879 1307 945 1358 qui
960 1308 1010 1345 ita
1021 1307 1058 1345 in
1074 1308 1104 1345 I.
1117 1308 1348 1346 emendarat.

7 1412 8 1415 Ἴ
72 1362 122 1402 Et
144 1362 234 1401 licet
247 1358 331 1411 ὑμῖν
346 1361 494 1400 defendi
506 1372 645 1414 queat,
667 1362 776 1413 quod
791 1370 991 1401 oratorum
1010 1373 1119 1400 more
1143 1361 1351 1400 concludat

7 1417 9 1439 ³
72 1415 258 1468 Iuppiter,
269 1416 448 1468 dicatque
460 1415 564 1467 quast
576 1444 587 1462 ‚
613 1416 728 1467 Agite
741 1427 849 1467 ergo,
863 1414 1002 1467 eligite,
1021 1427 1124 1467 quae
1140 1414 1255 1453 vobis
1276 1415 1352 1453 uti-

72 1469 147 1517 lia3
165 1479 293 1508 tamen
311 1470 403 1521 quia
424 1470 618 1522 principio
635 1469 767 1519 capitis
783 1469 838 1507 bis
851 1480 909 1506 ter
925 1466 1038 1518 ἡμῶν,
1059 1468 1100 1507 δι
1115 1465 1200 1518 ἦμῖν
1221 1469 1351 1508 dicens

69 1522 242 1575 seipsum
259 1535 340 1562 non
356 1523 537 1570 excludit,
555 1522 776 1576 praestiterit
791 1521 998 1562 clausulam
1012 1522 1102 1561 huic
1117 1521 1349 1576 propositio·

75 1578 114 1617 ni
134 1575 374 1629 respondere.
400 1577 543 1616 Rmz.

128 1635 202 1670 ead.
216 1631 240 1669 l.
263 1644 295 1682 5.
315 1630 459 1682 Ἐβέων)
483 1629 671 1682 Quisquis
688 1630 833 1669 miraris
849 1630 1130 1670 tumultuantes
1152 1629 1189 1668 in
1210 1627 1352 1669 conci³

74 1684 129 1724 lio
145 1685 360 1724 Lucianeos
382 1684 503 1732 Deos,
520 1683 701 1723 Senatum
717 1684 992 1724 Romanorum
1009 1684 1097 1722 audi
1114 1684 1213 1735 apud
1231 1684 1351 1722 Taci-

77 1749 162 1778 tum
178 1737 245 1777 sub
260 1737 565 1790 Imperatoribus
578 1750 656 1778 non
670 1750 759 1777 raro
779 1737 829 1778 fic
846 1739 1095 1778 tumultuarie
1119 1737 1351 1777 succlaman-

8 1776 10 1801 ³
72 1801 142 1832 tes.
170 1792 332 1831 SOLAN.

131 1848 205 1884 ead.
222 1847 246 1885 l.
263 1860 301 1898 9.
321 1842 423 1894 Αὗτῇ
435 1844 690 1895 stockem-enfil)
714 1844 829 1885 Conf.
847 1844 960 1898 supra
978 1845 1023 1885 de
1038 1843 1105 1885 σὺν
1121 1843 1223 1885 recle
1237 1843 1356 1888 omit}

75 1899 143 1945 so,
165 1899 211 1939 ad
226 1913 257 1940 c.
270 1912 332 1948 27.
348 1899 396 1938 Et
417 1899 519 1939 Gall.
535 1901 595 1939 26.
618 1900 765 1939 Rmz.

127 1955 201 1992 ead.
216 1954 238 1993 l.
255 1966 314 1992 10.
327 1953 521 2004 Ἱςερομηνιίι
534 1976 577 1982 -
594 1953 803 2005 τεττάρων)
816 1952 1063 1999 Absurdum3
1079 1950 1139 1991 sed
1153 1950 1350 1998 consulto;

73 2006 226 2046 ridiculi
242 2007 355 2046 causa
370 2007 522 2046 di&um.
536 2007 695 2046 Constat
708 2017 852 2053 autem,
869 2007 971 2045 hunc
983 2005 1152 2044 libellum
1168 2005 1348 2058 scriptum

8 2052 10 2065 ¹
71 2061 204 2100 medio
219 2060 344 2100 mense
364 2060 571 2099 Decembri
586 2061 705 2100 videri
724 2059 887 2100 voluiffe
899 2089 909 2105 ‚
925 2073 1007 2112 quo
1026 2071 1200 2111 tempore
1214 2059 1347 2098 Satur-

72 2114 172 2153 nalia
185 2114 337 2154 Romae
351 2114 655 2154 celebrabantur.
675 2115 728 2154 V.
744 2128 776 2155 c.
796 2116 856 2153 26.
881 2114 952 2153 Sed
973 2127 1042 2153 cur
1059 2126 1206 2166 quatuor
1221 2115 1347 2164 menfis

9 2173 11 2201 ἓ
69 2168 198 2215 addat,
215 2167 354 2208 nescio.
376 2168 532 2207 SOLAN.
546 2169 697 2208 Frustra
713 2167 885 2221 quaefivi
901 2168 940 2206 in
953 2167 1104 2206 historia
1121 2179 1346 2220 temporum

9 2242 11 2278 j
73 2221 231 2262 Luciani
239 2222 351 2273 ferias
365 2223 626 2275 quadrimestres.
650 2222 752 2261 Fieri
769 2233 895 2261 tamen
908 2220 1030 2271 potest
1043 2251 1054 2268 ,
1076 2233 1120 2260 ut
1134 2220 1346 2273 supplican'o

73 2287 222 2327 quatuor
234 2278 390 2327 menfium
405 2275 571 2314 instituta
587 2276 653 2324 stt,
678 2290 767 2316 cum
783 2275 882 2314 Iulio
895 2274 1071 2323 Caesari,
1098 2274 1231 2314 Dione
1252 2275 1347 2314 teste

73 2328 118 2368 L.
137 2342 203 2378 40,
220 2343 257 2381 p.
273 2343 348 2378 144
358 2330 401 2368 Β.
411 2330 596 2382 sexaginta
610 2331 738 2369 dierum
752 2329 794 2368 stt
808 2330 970 2367 decreta.
983 2327 1096 2368 Plane
1110 2328 1260 2367 fietitias
1274 2342 1348 2379 pu-

72 2392 129 2422 tat
142 2383 208 2421 has
222 2382 332 2422 ferias
347 2382 531 2423 Dukerus
555 2384 595 2422 in
610 2384 802 2423 Addendis
823 2384 868 2422 ad
884 2382 1067 2432 Thucyd.
1085 2396 1121 2434 p.
1136 2383 1226 2431 672.
1256 2381 1348 2433 Qui

75 2436 301 2488 ceteroquin
324 2436 424 2475 illam
447 2438 649 2476 notionem
663 2437 884 2489 ἱερομηνίας,
903 2448 1002 2487 quae
1024 2437 1069 2474 ad
1089 2448 1206 2474 omne
1225 2448 1348 2487 genus

11 2492 12 2514 ³
75 2489 261 2530 feriarum
279 2490 456 2543 pertinet,
469 2491 661 2542 praeclare
675 2504 746 2529 iam
759 2490 1019 2541 explicaverat
1029 2490 1075 2527 ad
1086 2488 1150 2535 111,
1170 2490 1229 2541 56,
1242 2490 1347 2528 item-

11 2569 12 2573 =
68 2556 149 2597 que
164 2544 210 2584 ad
226 2544 282 2591 V,
299 2557 356 2598 54.
377 2543 500 2585 Porro
512 2544 724 2598 ἑκεχειρίων
740 2545 901 2597 iustitium
921 2554 1096 2591 vertere,
1118 2555 1234 2595 quam
1246 2543 1344 2582 indu·
