1956 3444
391 260 457 307 1N
490 260 581 308 ms
616 260 1013 308 ACCUSATUM.
1248 276 1338 323 423

132 348 206 387 bad.
219 347 242 386 l.
259 361 292 400 3.
303 346 578 403 Ἐνὸεὲυκότοι)
595 349 673 389 Th.
686 349 792 402 Mag⁴
806 363 846 389 v.
864 348 1071 389 ἑνὲεὲυκῶς
1087 348 1182 388 haec
1202 348 1342 388 eodem

79 400 200 440 modo
215 401 374 453 profert.
395 403 543 443 RErrz.

137 454 215 492 ibid.
237 455 323 507 Περὶ
346 456 414 496 τὴν
436 457 591 510 Ἰωνίαν)
609 456 737 496 Habes
754 455 813 496 hic
830 455 948 496 multa
970 456 1015 495 ad
1034 456 1194 496 Luciani
1220 457 1340 496 vitam

80 504 300 558 speciantizu
313 522 414 561 quae
429 523 519 549 cum
533 511 568 549 id
581 523 752 563 agemus,
765 510 991 549 excutienda
1005 522 1115 548 erunt
1126 539 1137 554 ,
1157 511 1196 549 ἃ
1211 511 1255 549 ad
1276 511 1348 550 sua-

81 572 259 612 quaeque
279 573 454 615 tempora
468 563 607 603 referre
626 565 853 605 conabimur
866 564 902 602 in
918 564 1012 602 Vita
1026 563 1182 602 Luciani
1195 577 1216 603 a
1229 564 1347 603 nobis

81 616 371 662 concinnanda,
387 616 427 655 δι
445 617 536 656 huic
555 618 661 671 operi
681 617 931 669 praefigenda.
957 616 1113 655 SOLAN.

136 671 209 708 ead.
222 669 246 706 l.
264 682 296 720 5.
312 670 486 723 Ἐπειεῗῐι)
500 671 579 710 Ox.
594 673 633 710 δι
649 672 822 711 Thomas
835 671 940 723 Mag.
955 669 1049 709 ἐπεί.
1074 670 1231 709 SOLAN.

136 723 210 759 ead.
223 722 247 760 l.
262 723 298 761 6.
316 719 496 777 Εὖμοιθῖις)
519 725 567 764 Et
587 725 680 764 haec
701 724 844 765 Thom.
859 725 965 777 Mag.
980 723 1116 763 habere
1131 737 1230 764 voce
1246 721 1336 774 Εὗμ.

81 773 185 813 reae
198 777 350 815 notavit
363 777 489 817 Solan.
513 779 659 818 Rerrz.

137 831 210 866 ead.
226 829 249 867 l.
268 844 325 868 12.
341 831 506 870 Πολλοὺς
523 833 584 871 καὶ
608 836 728 882 haupt..
744 832 905 887 λόγους)
926 831 1042 871 Haud
1067 831 1153 871 satis
1174 830 1349 869 modeste

80 878 206 920 facere
215 882 438 930 Lucianum,
451 886 517 937 qui
529 886 620 925 haec
628 886 874 926 Rhetoricam
889 887 1071 925 dicentem
1083 886 1248 930 inducat,
1262 897 1342 923 non

83 933 264 984 deerunt,
286 938 353 989 qui
377 939 627 987 arbitrentur;
653 941 750 979 inter
765 953 863 992 quos
877 952 951 992 ego
963 940 1074 978 etiam
1098 939 1240 977 censeri
1261 951 1349 976 nont

82 987 271 1035 tecusem,
283 1002 363 1030 non
375 992 526 1043 ignarus
537 1004 662 1032 tamen
674 993 766 1045 quid
788 994 908 1046 regeri
920 992 1044 1045 possit,
1060 1005 1196 1044 nempe
1209 993 1345 1030 Lucia-

81 1053 176 1080 num
189 1043 334 1083 artibus
347 1046 523 1085 oratoriis
536 1060 622 1086 cum
641 1046 752 1086 semel
767 1046 1001 1086 valedixisset
1013 1077 1023 1094 ‚
1045 1045 1183 1085 famam
1204 1047 1317 1084 etiam
1331 1076 1345 1093 ,

82 1107 200 1146 quam
214 1096 338 1136 iisdem
352 1097 420 1137 fibi
438 1099 603 1148 fecerat,
626 1099 912 1153 parviduxiffe,
937 1113 982 1140 ea
995 1100 1072 1139 sola
1093 1110 1340 1146 contentum,

81 1161 214 1200 quam,
229 1163 359 1190 novae
374 1151 542 1193 insistens
552 1154 651 1201 viae,
664 1154 732 1193 fibi
747 1155 822 1193 iam
836 1154 1094 1206 comparabat.
1109 1154 1210 1192 Hinc
1227 1154 1348 1191 etiam

82 1203 277 1243 coniicere
298 1205 408 1252 licet,
425 1207 645 1259 pauciffima
670 1221 761 1260 prae
775 1209 1010 1261 reliquorum
1026 1220 1190 1246 numero
1202 1207 1343 1246 Lucia·

82 1256 124 1306 ni
143 1255 277 1309 scripta
291 1259 338 1297 ab
352 1272 401 1299 eo
413 1261 511 1300 edita
526 1292 537 1309 ‚
557 1274 654 1314 quae
665 1273 747 1300 turn
761 1261 895 1314 scripta
909 1260 981 1300 smt
993 1289 1006 1309 ,
1030 1274 1117 1300 cum
1131 1259 1278 1300 fucatae
1292 1260 1345 1299 illi

82 1308 317 1352 Rhetoricae
329 1326 486 1365 operam
501 1315 617 1354 daret.
641 1315 798 1356 SOLAN.

138 1368 212 1403 ead.
225 1366 248 1405 l.
265 1379 321 1418 ¹3·
342 1366 398 1406 Εἰς
413 1368 500 1407 τοὺς
512 1369 702 1422 φυλέτας)
718 1368 886 1422 Respicit
899 1381 1035 1420 nempe
1050 1368 1094 1407 ad
1107 1368 1165 1407 ius
1180 1366 1346 1407 civitatis

83 1419 246 1470 praemii
267 1418 358 1458 loco
377 1420 506 1460 datum
520 1453 531 1470 ‚
545 1434 586 1461 ut
599 1422 680 1462 aliis
694 1423 882 1462 bonarum
895 1424 1029 1461 attium
1048 1420 1321 1474 profefforibus
1331 1452 1345 1467 ‚

82 1469 136 1512 {rc
148 1471 385 1513 Rhetoribus
399 1488 558 1528 quoque
569 1489 612 1515 ac
620 1476 815 1528 Sophistis‚
827 1477 936 1516 cuius
948 1476 1058 1528 plura
1072 1475 1245 1527 exempla
1260 1473 1349 1514 sunt

84 1525 187 1577 apud
202 1525 467 1568 philostratum
481 1543 493 1577 ;
507 1543 544 1570 v.
560 1543 594 1582 g.
609 1530 646 1568 in
658 1530 795 1582 Hippia
811 1544 847 1575 1,
865 1530 976 1577 1·1‚in
988 1529 1160 1568 Adriano
1175 1543 1211 1575 2,
1230 1541 1288 1574 10,
1305 1543 1344 1580 3,

85 1578 125 1617 ἰη
138 1578 299 1619 Aristide
315 1595 336 1619 2
348 1610 359 1626 ,
375 1594 420 1632 9,
438 1597 452 1620 1
464 1611 476 1628 ‚
503 1583 567 1622 ubi
586 1583 693 1634 plura
713 1583 892 1624 Olearius
904 1614 914 1630 ‚
941 1595 1135 1635 quemque
1151 1583 1201 1620 ibi
1217 1581 1345 1622 laudat

85 1632 292 1684 Spanhem.
305 1633 402 1673 Orb.
416 1635 533 1675 Rom.
548 1637 730 1684 Exerc.1‚
746 1651 777 1676 c.
794 1653 829 1684 4.
853 1637 980 1677 GESN.
996 1636 1117 1675 Recle
1132 1645 1263 1674 monet
1276 1634 1346 1673 So-

85 1685 210 1732 lanus‚
223 1699 348 1727 errare
361 1688 560 1729 Olearium
576 1691 621 1729 ad
633 1690 897 1730 philostratum
911 1691 949 1729 in
958 1691 1039 1729 Vit.
1055 1690 1171 1741 Soph.
1185 1690 1258 1728 hoc
1270 1688 1347 1727 Lu.

86 1740 187 1778 ciani
197 1741 333 1780 eodem
349 1743 576 1783 trahentem.
607 1743 861 1796 Adscripsetat
884 1744 998 1783 etiam
1020 1743 1232 1782 Hemsterh.
1253 1755 1348 1782 orae

87 1793 274 1833 Luciani:
297 1806 398 1835 errat
413 1796 542 1837 Olear.
556 1797 601 1837 ad
615 1797 788 1837 Philostr.
799 1798 851 1837 V.
867 1797 904 1838 S.
925 1811 960 1849 p.
977 1809 1075 1849 495,
1094 1795 1169 1835 ΝΟ.
1185 1796 1221 1835 8.
1242 1796 1289 1835 Et
1303 1807 1347 1835 ut

86 1859 183 1886 vera
197 1848 365 1900 quidem,
377 1863 475 1903 quae
486 1851 546 1890 hic
557 1862 665 1890 notat
676 1850 880 1899 Geffierus,
895 1861 1021 1889 tamen
1035 1850 1228 1889 Lucianus
1239 1850 1349 1889 aliter

87 1901 154 1940 hic
170 1901 274 1941 ludit.
294 1902 506 1944 Rhetorica
517 1905 659 1957 quippe
683 1903 759 1957 ipsa
771 1905 869 1944 civis
883 1903 1048 1943 adsciscit
1067 1902 1132 1941 fibi
1145 1904 1321 1941 maritum
1334 1932 1347 1949 ,

89 1954 153 1994 sed
163 1957 420 2008 peregrinum,
436 1959 615 2010 βάρβαρον
630 1954 839 2008 τὴν-φωνήν.
862 1958 1012 1997 Deinde
1024 1969 1181 2008 operam
1198 1957 1280 2002 dat,
1304 1966 1348 1995 ut

89 2009 294 2049 tribulibus
303 2010 535 2051 adscribatur
547 2024 591 2051 ac
603 2013 745 2051 civium
761 2013 799 2050 in
814 2024 978 2051 numero
989 2010 1048 2058 sit,
1058 2011 1080 2049 i.
1089 2023 1120 2049 e.
1130 2020 1171 2049 ut
1184 2022 1232 2048 ex
1242 2009 1349 2060 Syro

92 2063 134 2102 δι
146 2063 319 2103 Barbaro
333 2064 577 2105 Graecorum
591 2065 843 2105 disertissimus
867 2065 995 2104 haberi
1008 2063 1131 2116 poffit.
1156 2062 1238 2115 lpse
1259 2076 1349 2115 pro-

92 2126 225 2170 pterea
238 2129 271 2156 c.
292 2130 337 2169 30
350 2149 361 2166 ‚
382 2119 446 2157 καὶ
463 2119 514 2158 εἰς
525 2119 800 2160 τοὺςἝλληνας
813 2119 1014 2172 ἐνέγραψε.
1034 2118 1124 2157 Non
1140 2117 1254 2169 igitur
1271 2118 1350 2169 agit

93 2171 140 2209 de
152 2170 236 2209 iure
248 2171 437 2218 civitatis,
458 2185 541 2225 quo
557 2174 710 2225 praemii
730 2173 824 2212 loco
836 2173 997 2212 donatus
1016 2171 1145 2211 fuerit.
1172 2170 1296 2222 Quod
1319 2171 1350 2210 st

92 2237 182 2263 eum
194 2224 404 2275 impetrasse
416 2226 564 2266 aliunde
577 2227 730 2279 probari
743 2236 871 2280 queat,
884 2227 954 2265 alia
969 2238 1029 2266 res
1040 2225 1154 2265 fuerit
1165 2238 1177 2272 3
1188 2225 1274 2265 hinc
1286 2223 1352 2264 sal-

95 2287 174 2316 tem
189 2290 268 2317 non
281 2279 476 2329 probatur.
496 2280 642 2319 Rmz.

147 2332 228 2369 ibid.
249 2333 550 2387 Παρενέγραψιι)
575 2334 709 2383 Cave,
728 2333 905 2374 boccum
929 2333 1130 2373 clariffimo
1143 2332 1353 2372 Philostrati

96 2384 303 2436 interprete
325 2386 388 2438 (ad
401 2400 485 2439 pag.
501 2387 597 2440 495)
622 2387 673 2427 fic
697 2388 899 2441 intelligas,
917 2399 960 2426 ut
977 2389 1013 2425 in
1027 2387 1182 2426 Graecis
1198 2386 1354 2426 urbibus

96 2439 253 2477 civitate
276 2439 439 2480 donatus
461 2439 598 2490 fuerit,
626 2442 732 2494 quod
752 2441 826 2481 illic
845 2442 1010 2494 Hippiae
1034 2438 1230 2495 contigiffe
1254 2439 1355 2493 legi-

93 2503 169 2531 tur.
198 2493 355 2532 SOLAN.

153 2546 245 2600 Pag.
258 2546 321 2587 88.
338 2548 361 2587 l.
378 2562 411 2602 3.
435 2547 762 2601 Hepccve'mvm)
789 2548 1025 2640 Complessi‘enls5
1039 2546 1210 2640 {Zona
1238 2547 1356 2587 Male.

1088 2616 1113 2647 4
