1956 3444
565 288 654 338 534
760 269 1637 318 ANNOTATsloNES

561 359 868 414 λογοποιοῦντες.
890 356 926 400 οὗ
948 363 1027 416 γὰρ
1053 359 1160 410 μόνον
1180 357 1416 408 ψεύδονται,
1441 357 1547 396 ἀλλὰ
1570 357 1633 397 καὶ
1654 357 1834 397 &metre-

562 415 634 454 λῶς
656 416 976 454 ἀπαλλάττουσι,
998 415 1157 454 SOLAN.

616 472 689 508 ead.
702 469 725 506 l.
744 470 798 508 16.
814 468 1068 520 Ἔοιλωκότας)
1088 469 1175 507 Hoc
1192 465 1409 517 exemplum
1427 464 1523 504 lens.
1545 465 1590 504 ad
1603 464 1781 516 Tyrann.
1799 478 1834 505 c.

567 537 615 564 12
638 523 774 574 allegat
788 553 797 565 ,
812 536 894 575 quo
909 523 1069 573 probet,
1093 521 1168 560 hoc
1182 521 1350 572 particip.
1366 519 1534 558 affilivum
1548 549 1561 564 ,
1582 532 1703 571 aeque
1723 533 1766 558 ac
1789 518 1835 557 ἇ-

564 576 664 620 λοὺς,
688 577 819 615 valere
839 576 995 628 paffive.
1015 575 1158 623 Recle3
1180 574 1219 613 δι
1242 574 1391 625 quidem
1410 585 1601 625 perpetuo
1623 573 1722 624 apud
1739 573 1835 611 alios

563 631 700 678 enan-13
716 632 791 669 vid.
807 631 902 669 Bud.
918 630 1139 670 Comment.
1153 629 1193 667 L.
1211 627 1281 668 Gr.
1297 629 1337 667 ὃ(
1349 627 1510 666 Scheidii
1524 627 1687 667 Iudicem
1707 627 1836 666 Hero-

564 685 679 731 diani,
697 686 762 737 qui
779 683 882 723 solus
898 685 960 723 vel
974 684 1102 723 decem
1119 682 1291 732 exempla
1307 681 1520 719 annotavit.
1535 681 1595 720 Sic
1609 681 1722 720 etiam
1736 680 1836 733 apud

564 738 673 778 LXX
689 768 700 785 ‚
722 740 758 776 in
772 739 907 777 lerem.
923 739 976 785 L,
997 753 1041 784 2,
1061 738 1101 776 ἃ
1122 736 1167 775 Ll
1181 767 1192 783 ‚
1211 749 1269 788 3¹·
1287 734 1424 787 Quare
1440 735 1550 785 plura
1575 735 1613 773 in
1638 747 1700 782 re,
1718 748 1837 786 quam

566 793 607 832 δι
627 794 703 842 iple
718 792 861 831 Iensms
884 791 1023 832 fatetur
1044 789 1269 831 not‘ffimam
1286 820 1296 834 ‚
1320 802 1397 827 non
1417 791 1547 828 addam
1562 820 1573 836 ‚
1598 787 1667 827 nifi
1683 789 1722 827 δι
1744 788 1837 828 affi-

566 860 664 886 vum
683 847 935 899 προσκρούσας
949 848 1074 885 itidem
1098 843 1242 896 paffive
1262 844 1380 895 accipi
1403 856 1461 895 ap.
1479 841 1619 896 Aesop.
1636 842 1726 881 Fab.
1745 843 1840 892 128,

568 902 873 953 προσκρουσοὶσπς
887 896 946 940 οὖν
962 899 1028 939 wi>-
1043 916 1084 939 κε
1095 897 1206 938 rami<
1219 921 1263 927 —
1277 897 1341 935 καὶ
1355 897 1603 936 umentibus.
1619 896 1768 936 REITZ.

624 955 719 1008 Pag.
733 969 820 1002 250.
833 956 853 992 l.
874 972 907 1000 4.
920 959 984 992 Thu
999 952 1209 1005 Ἦρὲἓοτον)
1224 951 1468 990 Herodotum
1485 951 1614 990 verius
1629 951 1842 990 mendacio-

565 1021 676 1050 rum.
694 1022 808 1059 quam
826 1008 1018 1055 historiae,
1036 1019 1228 1059 parentem
1244 1006 1542 1056 nuncupaveris.
1560 1005 1660 1043 Mira
1671 1006 1773 1044 enim
1790 1005 1840 1044 ab

567 1076 618 1101 eo
640 1063 685 1101 de
706 1063 844 1101 Xerxis
861 1063 1104 1112 expeditione
1128 1060 1165 1099 ἃ
1185 1059 1353 1098 transitu,
1377 1060 1432 1097 ld.
1458 1059 1614 1097 Lucian.
1637 1059 1679 1098 L.
1705 1073 1725 1098 2
1747 1059 1842 1100 Ver.

572 1116 668 1156 Hiss.
695 1117 793 1155 inter
822 1117 1022 1156 mendaces
1049 1113 1215 1154 (tesiam
1240 1113 1417 1153 Cnidium
1442 1112 1482 1151 &
1504 1113 1748 1152 Herodotum
1769 1126 1842 1165 po-

570 1171 638 1209 nit.
664 1168 813 1210 COGN.
840 1170 983 1209 Notam
1006 1169 1172 1221 Cognati
1197 1170 1247 1206 ita
1268 1168 1458 1213 exhibeo,
1476 1177 1520 1205 ut
1546 1168 1583 1205 in
1609 1167 1665 1205 ed.
1691 1168 1775 1205 Par.
1800 1165 1842 1206 δι

575 1226 704 1264 Graev.
728 1236 833 1271 erat3
855 1223 1048 1276 (excepto
1072 1223 1178 1276 quod
1201 1222 1429 1266 mendacium,
1454 1233 1524 1272 pro
1554 1221 1842 1261 mendaciorum

571 1278 665 1318 haec
682 1278 873 1329 habebat)
895 1279 986 1330 quid
1010 1288 1137 1317 autem
1159 1275 1272 1321 desit,
1293 1275 1401 1314 facile
1416 1274 1468 1314 est
1493 1275 1697 1314 coniicere.
1713 1275 1858 1314 Hero·'

571 1334 687 1372 dotus
699 1345 797 1372 vero
813 1332 903 1370 milii
918 1345 997 1371 non
1016 1331 1068 1370 est
1084 1331 1373 1370 mendaciorum
1398 1342 1521 1380 pater,
1535 1329 1690 1381 quando
1714 1341 1844 1368 narrat

571 1387 620 1426 ab
637 1387 715 1425 aliis
736 1398 892 1438 accepta
904 1416 914 1430 ,
931 1385 1086 1439 ipseque
1102 1396 1325 1438 praemonet
1339 1414 1351 1432 ,
1371 1383 1407 1423 se
1429 1396 1507 1422 non
1524 1384 1705 1422 omnibus
1727 1382 1843 1422 fidem

571 1440 760 1480 adhibere.
778 1441 926 1479 Rmz.

628 1495 706 1532 ibid.
723 1494 909 1545 ‘Hpc'aAEo-tov
925 1494 988 1532 καὶ
1011 1492 1096 1546 Κτ.)
1121 1493 1260 1545 Ingens
1282 1492 1382 1531 inter
1406 1490 1499 1538 hos,
1520 1503 1754 1544 quamquam
1780 1491 1844 1532 hic

571 1548 771 1587 coniunffi
787 1548 976 1600 legantur,
991 1545 1186 1587 discrimen
1202 1545 1267 1584 est.
1286 1546 1513 1585 Herodotus
1535 1547 1655 1591 enim,
1679 1544 1797 1584 sicubi
1819 1558 1844 1584 a

572 1615 674 1641 vero
689 1602 856 1648 aberrat,
881 1614 961 1640 non
981 1602 1015 1639 id
1035 1601 1138 1653 agit,
1154 1611 1197 1640 ut
1222 1601 1446 1639 mentiatur:
1469 1598 1614 1638 Ctesias
1633 1612 1754 1646 vero,
1775 1600 1844 1652 qui

572 1655 718 1695 multos
733 1656 769 1694 in
794 1655 917 1695 Perfia
933 1656 1082 1694 vixerat
1108 1667 1230 1694 annos
1242 1683 1252 1701 ‚
1268 1666 1313 1692 ea
1330 1652 1471 1705 scripsit
1484 1684 1495 1701 ‚
1515 1665 1614 1705 quae
1631 1652 1709 1706 ipse
1721 1683 1732 1700 ‚
1747 1654 1844 1706 quin

573 1709 663 1749 falsa
684 1712 723 1749 ὅ(
748 1722 847 1748 vana
873 1708 1020 1757 forent,
1047 1709 1227 1762 ignorare
1246 1720 1327 1747 non
1354 1717 1526 1761 poterat,
1551 1718 1654 1746 cette
1678 1720 1757 1746 non
1781 1708 1847 1746 de-

573 1764 725 1803 buerat.
752 1764 909 1804 SOLAN.

631 1820 723 1869 Pag.
750 1831 836 1869 251.
853 1818 875 1857 l.
901 1832 933 1856 2.
948 1817 1018 1857 Τὴν
1035 1817 1165 1869 Μορμὼ
1179 1817 1242 1856 καὶ
1261 1815 1327 1856 τὴν
1346 1814 1526 1865 Λάμιαν)
1545 1814 1698 1866 Μορμὼ,
1719 1813 1791 1862 οὖς,
1817 1813 1845 1855 s.

568 1872 730 1922 μορμὼν,
744 1871 833 1916 ὄνος,
849 1871 993 1910 larvam
1014 1870 1087 1910 effe
1098 1901 1109 1919 ‚
1126 1872 1252 1924 pueris
1270 1871 1451 1909 terrendis
1466 1868 1672 1909 confictam
1688 1882 1708 1908 a
1722 1869 1845 1908 nutri-

573 1927 687 1966 cibus
699 1955 709 1973 ,
731 1927 831 1965 unde
848 1924 1119 1977 μορμολύττειν
1134 1925 1208 1971 est,
1223 1925 1263 1964 8(
1276 1924 1554 1973 μορμολύκειον,
1570 1924 1846 1976 pervulgatum

573 1980 628 2018 est
641 2011 651 2027 ,
671 1993 798 2032 neque
810 1993 926 2031 opus,
938 1991 981 2019 ut
996 1980 1054 2019 hic
1067 1979 1306 2019 observetur.
1319 1977 1389 2016 Sed
1407 1978 1497 2017 illud
1516 1978 1715 2016 videbatur
1729 1978 1847 2030 paulo

571 2033 747 2073 disertius
761 2034 1028 2072 annotandum
1042 2063 1051 2079 ‚
1071 2035 1176 2086 quod
1194 2034 1266 2072 iarn
1285 2032 1466 2071 indicavit
1479 2033 1527 2070 ad
1539 2031 1733 2083 Aristoph.
1747 2032 1845 2084 Equ⁰

573 2090 654 2140 690
668 2087 919 2133 Scholiastes‚
943 2088 1004 2126 illa
1028 2089 1146 2126 verba
1162 2087 1288 2139 μορμὼ
1311 2084 1378 2125 τοῦ
1399 2087 1561 2138 θράσους
1576 2084 1627 2124 sle
1648 2085 1722 2125 ess'e
1746 2087 1846 2126 acci-

572 2143 708 2195 pienda
723 2173 734 2190 ‚
756 2153 799 2182 ut
820 2140 1171 2193 ὧνομοιτοποιυμένη
1188 2141 1441 2187 exclamatio,
1460 2140 1523 2179 vel
1541 2140 1754 2179 interiectio
1773 2140 1847 2180 effe

572 2197 817 2248 intelligatur.
834 2196 879 2235 Et
897 2196 1047 2234 videtur
1061 2195 1138 2247 ipsa
1157 2196 1217 2234 illa
1236 2207 1318 2233 vox
1334 2194 1497 2233 adhibita
1516 2196 1560 2233 ad
1585 2205 1770 2233 terrorem
1788 2195 1846 2232 in-

572 2250 776 2290 iiciendum
800 2251 950 2302 pueris,
973 2249 1050 2288 sine
1075 2249 1247 2301 respectu
1267 2249 1311 2286 ad
1336 2248 1436 2285 illam
1463 2247 1632 2287 larvam:
1651 2249 1756 2299 quod
1783 2247 1847 2286 fir-

573 2316 653 2343 mat
676 2304 788 2343 locus
811 2304 882 2342 iam
908 2303 1086 2342 laudatus
1106 2303 1152 2341 ad
1173 2301 1492 2354 Aristophanem,
1516 2300 1750 2341 Casaubono
1765 2331 1778 2348 ‚
1795 2315 1846 2341 ex

572 2357 786 2398 dulciffimo
801 2357 1003 2397 Theocriti
1026 2357 1166 2408 Idyllio
1180 2356 1441 2406 Ἀδ-*ωνιοιζουω
1464 2369 1501 2393 v.
1517 2369 1567 2403 40
1579 2386 1590 2403 ,
1606 2355 1669 2394 ubi
1694 2356 1842 2403 mulier,

573 2424 617 2451 ut
632 2413 817 2452 deterreat
831 2411 1036 2463 puerulum
1052 2442 1063 2459 ‚
1078 2411 1228 2463 prodire
1249 2423 1326 2449 una
1341 2409 1558 2461 cupientem
1577 2411 1622 2447 ad
1639 2422 1819 2462 pompam
1832 2439 1846 2456 ,

571 2461 637 2504 οὐκ
657 2465 751 2509 ἀέω,
766 2466 912 2517 inquit,
930 2466 978 2504 τι)
995 2467 1135 2504 τέκνον.
1155 2464 1301 2514 Μορμὼ,
1323 2463 1453 2502 saintet
1473 2460 1610 2502 ἵππος.
1629 2464 1701 2503 Hic
1719 2475 1845 2511 certe,

574 2530 616 2558 ut
632 2520 669 2557 in
685 2511 751 2557 illo
768 2519 1034 2571 Aristophanis
1046 2548 1056 2565 ,
1071 2519 1163 2557 nihil
1176 2519 1276 2557 aliud
1292 2517 1495 2569 speciatur,
1510 2530 1626 2569 quam
1640 2516 1715 2571 ipse
1731 2517 1845 2558 sonus

572 2572 705 2627 quaiso
720 2574 842 2627 capite
856 2574 1064 2614 &turbato
1079 2572 1191 2614 vultu
1208 2570 1469 2625 proferendus.
1485 2571 1613 2612 Gtsx.
