1956 3444
273 221 362 268 IN
408 220 1148 272 ICAROMENIPPUM.
1250 220 1347 290 38r·

124 309 218 365 Pag.
237 312 297 351 18.
318 314 341 351 l.
357 328 393 362 4.
415 313 701 364 Ὑποστίλβων)
723 313 983 359 Ἀποστίλβων
1007 313 1058 353 O.
1079 314 1117 354 &
1140 314 1196 354 ed.
1222 317 1276 354 fl.
1301 326 1346 355 ut

76 371 165 405 Δικ.
184 380 215 406 c.
234 379 264 406 1.
280 367 352 406 Sed
366 367 460 405 nihil
473 380 596 406 mut0.
615 367 771 407 SOLAN.
801 369 853 406 At
874 366 947 420 seq.
965 366 1068 406 Dial.
1083 369 1148 407 Bis
1159 368 1290 408 Aecus.
1306 383 1343 409 c.

81 433 118 464 ι,
139 420 213 459 τῶν
232 420 389 459 ἀκτίνων
411 420 667 465 ἀποστίλβων.
695 421 739 460 Et
755 420 845 459 alibi
861 433 938 459 non
958 420 1091 468 seme13
1110 423 1210 460 unde
1225 423 1348 462 conii-

76 473 169 519 cias,
184 474 223 512 δι
236 474 297 512 hic
314 475 364 512 ita
378 473 591 525 legendum.
605 472 675 513 Sed
690 474 841 513 minime
862 473 915 512 fas
929 474 979 512 est
994 488 1005 521 ·,
1021 487 1106 513 nam
1123 476 1168 514 de
1181 475 1346 516 Oceano

75 526 265 566 substrato
278 527 400 567 sermo
417 528 483 573 est,
496 529 662 580 quicum
676 525 824 566 inferne
837 527 979 567 sursum
997 528 1189 567 remittere
1201 530 1348 569 dicatur

25 616 26 619 ,
73 579 335 632 splendorem,
359 582 503 632 optime
528 581 600 619 ὑπὸ
624 581 855 634 praefigitur.
875 581 1032 620 Interim
1059 581 1349 635 philosophatur

25 633 26 637 ’
76 635 197 680 male,
215 634 419 674 Oceanum
434 634 507 674 effe
521 635 576 681 id,
599 636 706 687 quod
721 635 949 687 resplendet:
972 647 1058 672 nam
1081 646 1206 686 partes
1221 647 1347 676 terrae

25 721 26 724 ,
75 686 209 727 solidas
235 689 428 727 remittere
450 689 598 734 lucem,
623 689 711 727 dum
725 702 823 741 aqua
835 689 959 728 radios
971 690 1052 728 eius
1066 688 1266 736 absorbet,
1288 704 1349 734 req

24 763 25 766 =
77 740 174 781 &ius
190 754 332 781 norunt
351 742 522 781 hodierni
540 741 763 794 philosophi.
791 743 939 781 REITz.

130 797 203 834 ead.
223 797 245 834 l.
264 796 298 834 8.
316 795 358 834 Οἱ
372 795 638 846 πολεμοῦντες,
656 795 686 833 οἱ
701 796 864 849 γεωργ.)
883 796 960 835 Iam
977 795 1185 849 aliquando
1201 795 1277 835 fine
1293 796 1349 836 in·

24 855 25 864 ¹
77 848 264 901 terposito
289 851 352 888 καὶ
378 849 471 889 haec
497 850 688 902 eleganter
710 850 924 889 ἀσυνδέτους
951 851 1144 896 enuntiat,
1160 861 1203 890 ut
1228 864 1347 899 mox,

78 902 168 942 τοὺς
182 902 404 956 ἀνθρώπους,
418 907 471 942 τὰ
484 907 605 954 θηρία.
623 903 669 942 Et
683 903 787 943 Asin.
804 916 883 956 cap.
903 905 948 942 16
969 905 1064 942 med.
1082 903 1198 943 Conf.
1217 919 1237 943 2
1253 904 1349 945 Ver.

77 955 177 996 Hist.
190 969 222 995 c.
242 970 300 1009 35.
316 957 423 996 Adde
437 957 568 1010 Eurip.
587 956 693 996 Ἱκετ.
711 970 788 1008 700
804 958 844 996 &
859 971 950 1006 722.
965 956 1013 996 Et
1033 957 1155 1010 Long.
1168 958 1262 997 Past.
1285 958 1349 1005 11,

23 1017 24 1020 ’
78 1023 116 1062 p.
136 1024 202 1062 32,
221 1010 297 1063 (ed.
318 1011 447 1064 Moll)
465 1012 531 1063 qui
545 1012 659 1050 etiam
684 1011 886 1063 repetitum
913 1012 974 1049 καὶ
993 1024 1142 1059 amans,
1157 1012 1349 1052 interdum

21 1092 23 1094 .
79 1076 231 1114 tamen,
250 1064 340 1104 licet
356 1066 527 1117 parcius,
549 1064 599 1104 fic
618 1065 806 1116 loquitur:
827 1065 1008 1116 ἐσκίρτων,
1031 1064 1230 1116 ἐσύριττον,
1248 1061 1348 1115 {hta

22 1155 23 1166 ,
79 1118 170 1157 Alia
185 1130 231 1156 ex
244 1118 379 1158 eodem
398 1119 568 1158 dedimus
582 1119 626 1157 ad
641 1120 732 1158 Ver.
749 1118 840 1157 Hist.
855 1119 878 1157 l.
894 1131 924 1157 c.
940 1118 1011 1157 Sed
1025 1119 1117 1158 haec
1128 1131 1207 1158 non
1221 1120 1350 1171 magni

22 1214 23 1229 ἢ
79 1170 166 1210 sunt
188 1172 386 1211 momenti.
401 1173 560 1224 Alioqui
573 1173 679 1225 plura
693 1185 901 1224 congerere
916 1172 1066 1219 liceret,
1088 1171 1115 1210 si
1129 1174 1174 1212 ad
1189 1173 1352 1213 ostenta·

79 1226 229 1265 tionem
245 1237 391 1264 tantum
409 1227 502 1265 haec
516 1239 753 1279 componere
767 1225 946 1265 velimus.
960 1226 1100 1265 Rmz.

138 1282 212 1318 ead.
233 1280 257 1319 l.
272 1278 470 1332 9.‘Or.·r6cm
492 1281 608 1332 τρέφει
633 1280 796 1331 ζείὸωρος
812 1279 965 1333 ἄρουρα)
989 1279 1120 1319 Paffim
1142 1281 1354 1321 Homerus

79 1332 254 1372 Bonan.
272 1334 435 1373 Homer.
448 1333 525 1373 Od.
542 1340 591 1379 Λ,
608 1334 692 1386 308.
711 1333 870 1374 SOLAN.

136 1388 248 1425 ead.l.
265 1400 325 1426 10.
337 1389 457 1438 Τρέφει
476 1386 642 1438 ζείὸωρος
665 1387 815 1439 ἄρουρα)
834 1386 992 1426 Parodia
1014 1386 1236 1426 Homerica.
1258 1386 1350 1427 Fre-

81 1441 266 1533 guentius
288 1440 341 1480 est
367 1452 494 1480 tamen
515 1441 614 1494 apud
638 1442 856 1481 Homerum
879 1442 980 1493 φέρει
1002 1440 1032 1492 ζ.
1057 1441 1094 1480 ἀ.
1109 1452 1153 1480 ut
1172 1439 1247 1480 Od.
1264 1455 1353 1494 357.

111 1503 242 1533 OLAN.

139 1549 176 1588 in
191 1549 305 1587 schol.
319 1549 383 1587 col.
399 1561 430 1587 1.
446 1549 468 1587 I.
483 1563 517 1587 2.
535 1547 599 1588 Ὦς
612 1549 689 1589 ἀντὶ
706 1548 730 1600 ρ’
748 1547 904 1600 δρᾶσθαι
922 1547 1071 1601 μιλίων)
1086 1547 1270 1601 Iosephus
1291 1548 1353 1589 ed.

85 1599 165 1641 Ox.
183 1615 268 1655 pag.
286 1616 299 1640 ι
311 1614 401 1653 205,
413 1616 449 1648 1,
461 1602 591 1642 lumen
605 1603 687 1642 eius
701 1603 746 1642 ad
762 1601 868 1642 CCC
884 1602 998 1642 stadia
1013 1613 1160 1641 tantum
1177 1613 1353 1655 penetrae

20 1650 21 1671 ³
83 1668 126 1695 re
139 1656 238 1695 dicit.
254 1654 411 1695 SOLAN.

142 1710 221 1748 ibid.
236 1710 299 1749 col.
315 1724 350 1748 2.
364 1711 386 1749 l.
404 1724 434 1748 1.
447 1708 692 1762 Ἀλεξάνέρου
704 1708 771 1748 ’πόἱιν
784 1714 866 1749 Φιλ.
881 1708 944 1747 καὶ
956 1708 1145 1762 Ὀλυμπ.)
1156 1709 1265 1749 Cave
1276 1710 1351 1750 hoc

83 1762 314 1803 Scholiastae
328 1764 475 1806 credas:
494 1764 615 1816 ipsum
636 1764 694 1803 adi
707 1764 917 1802 Lucianum
937 1769 1086 1816 Συγγρ.
1106 1777 1186 1815 cap.
1201 1763 1262 1802 68.
1276 1765 1352 1803 So-

85 1828 182 1857 LAN.
196 1818 405 1856 Adleverat
425 1830 516 1857 orae
534 1817 748 1857 Hemsterh.
764 1817 853 1856 Vid.
875 1817 1022 1856 Fabric.
1036 1818 1081 1856 ad
1097 1818 1134 1857 S.
1153 1817 1293 1870 Empir.
1312 1832 1350 1871 p.

19 1879 20 1883 ’
87 1873 166 1923 276
185 1870 235 1911 G.
256 1872 401 1910 Rmz.

144 1925 343 1977 Pag.19.l.
366 1939 421 1964 ιο.
434 1924 575 1978 Σοφὸς)
590 1926 763 1973 ‹buo-mbr,
777 1924 829 1964 O.
843 1924 956 1964 etiam
970 1924 1030 1964 hic
1047 1923 1170 1964 habet.
1185 1923 1250 1964 De
1266 1924 1352 1968 Em<

89 1979 248 2032 pedocle
262 1980 338 2018 vid.
354 1984 395 2018 N.
409 1986 454 2018 Δ.
471 1980 565 2026 ΧΧ,
580 1978 620 2018 &
635 1990 758 2019 notas.
774 1979 932 2018 Sorax.

143 2036 216 2070 ead.
233 2034 256 2071 l.
273 2046 331 2085 15.
347 2032 461 2072 Οὔτις
475 2048 529 2073 τοι
542 2033 634 2086 &c.)
651 2034 810 2072 Homer.
823 2031 960 2084 Odyff.
973 2035 1030 2078 Π,
1049 2030 1132 2081 187.
1147 2031 1308 2071 SOLAN.

143 2087 180 2125 in
193 2087 307 2126 schol.
323 2087 385 2126 col.
402 2101 434 2126 1.
451 2087 474 2126 l.
491 2101 524 2125 2.
546 2082 665 2126 Οὗτος
683 2087 873 2139 λέγεται)
898 2086 1105 2139 Corrupte.
1125 2086 1226 2139 Lege
1246 2081 1351 2126 οὗτος

92 2141 250 2193 λέγεται
263 2137 379 2180 οὕτως
394 2136 488 2181 εἶναι
501 2138 706 2191 ὂξυὲερκῖις.
721 2141 878 2180 SOLAN.

149 2194 240 2245 Pag.
257 2208 317 2233 20.
333 2195 356 2233 l.
371 2209 405 2234 2.
421 2196 534 2246 Φέρων
548 2195 734 2248 ἐνέβαλον)
748 2195 850 2234 Vide
861 2225 871 2241 ,
888 2206 987 2247 quae
1002 2193 1047 2232 de
1060 2193 1130 2233 hac
1145 2193 1265 2246 phrafi
1281 2201 1354 2234 no⁴<

91 2247 258 2287 tavimus
278 2247 388 2300 supra
406 2249 451 2288 de
474 2249 595 2288 Merc.
614 2249 724 2288 cond.
740 2262 772 2288 c.
791 2263 851 2296 24.
865 2247 911 2287 Et
930 2248 1077 2299 potius,
1091 2260 1189 2300 quae
1206 2247 1351 2287 Hemst.

94 2301 141 2340 ad
156 2300 474 2348 Dial.Mort.V1‚
490 2302 505 2351 §
523 2317 558 2355 3,
570 2315 668 2354 quae
682 2303 850 2342 nondum
867 2302 1033 2355 legeram
1045 2331 1058 2347 ,
1072 2315 1159 2341 cum
1172 2302 1232 2340 illa
1247 2312 1355 2341 nota-

92 2367 173 2394 rem
185 2369 197 2403 ;
211 2355 354 2408 alioqui
367 2357 440 2394 iam
452 2367 533 2395 tum
547 2369 596 2395 eo
609 2355 824 2395 remifissem
840 2355 1034 2395 lectorem.
1054 2355 1199 2394 RHTz.

150 2410 223 2447 ead.
246 2409 268 2447 I.
285 2423 318 2461 3.
338 2408 393 2448 Ἐν
416 2408 464 2457 τῇ
487 2409 613 2459 σελήνῃ
639 2409 804 2448 κατοικῶ
817 2410 832 2462 )
853 2409 1045 2461 Repertus
1066 2409 1142 2455 est,
1165 2409 1232 2462 qui
1256 2407 1354 2448 serio

95 2460 293 2507 assereret,
316 2463 362 2501 de
382 2463 472 2503 luna
491 2463 683 2518 delapsum
703 2464 859 2516 Emped.
873 2464 963 2504 Vid.
980 2462 1147 2516 Diogen.
1164 2463 1292 2504 Laert.
1313 2476 1352 2515 p.

87 2528 167 2569 23¹
188 2514 232 2555 C.
248 2515 401 2556 Sorax.
