1956 3444
436 223 539 272 IN
603 222 1075 274 HIPPIAM.
1295 241 1385 294 557

168 314 242 353 cad.
255 313 281 352 l.
299 324 358 362 ¹4·
371 312 550 366 Τριῆρεις)
568 314 760 367 combustas
772 314 821 353 ab
834 314 1062 355 Archimede
1073 312 1236 355 hostium
1251 327 1388 364 naves.

113 378 186 407 nec
199 366 420 406 Plutarchus
443 369 480 406 in
508 368 717 416 Marcello,
740 380 811 408 nec
835 369 964 407 Livius
986 369 1165 409 auctores
1184 369 1295 418 sunt,
1316 371 1385 423 qui

114 431 244 460 tamen
268 421 459 473 praeclara
476 422 558 460 eius
577 421 672 460 faeta
695 423 780 460 data
804 435 921 474 opera
935 435 1192 462 memorantes
1215 425 1312 463 haud
1328 437 1387 465 te-

115 487 222 513 mere
237 475 444 527 quidquam
468 474 639 513 omiss‘uri
659 475 831 515 censendi
845 475 942 516 sunt.
963 476 1148 516 Mendum
1166 476 1238 516 effe
1264 479 1323 518 hic
1343 480 1386 519 in

116 541 190 566 ιι-
205 527 383 580 suspicor.
400 529 454 568 Ut
468 540 510 568 ut
523 527 588 576 fit,
603 529 747 568 exstare
758 531 930 569 Veneriis
944 531 1072 569 audivi
1090 530 1386 572 instrumentum

115 581 300 621 ustorium
315 583 360 621 ad
373 583 606 635 quingentos
619 583 739 636 usque
753 583 875 636 paffus
893 584 973 622 vim
991 583 1094 623 suam
1112 584 1297 624 exserens.
1311 585 1385 626 Sed

114 648 166 674 an
183 636 375 675 veteribus
389 636 527 689 speculi
540 636 671 675 ustorii
693 636 780 676 usus
798 638 869 677 iam
887 638 1067 690 cognitus
1085 636 1223 686 fuerit,
1238 652 1314 692 ego
1328 639 1386 679 sa·

111 701 162 728 ne
179 690 360 742 ignorare
379 703 441 729 me
459 702 540 729 non
565 691 711 729 invitus
727 690 873 739 fateor;
895 704 1129 744 quamquam
1147 705 1270 745 nuper
1290 706 1387 735 con-,

110 743 351 783 cionatorem
379 744 590 790 audierim,
613 757 693 784 non
720 744 840 784 infimi
866 746 963 784 inter
986 745 1121 786 Gallos
1140 747 1292 786 nostros
1315 760 1387 792 ηοε

111 797 247 845 minis,
267 799 313 836 de
327 797 481 850 speculo
504 797 649 838 ustorio
671 799 801 838 locum
822 797 857 838 S.
881 799 1108 851 scripturae,
1127 800 1193 853 qui
1215 802 1383 849 excidit,

107 850 395 903 intelligentem.
428 852 484 890 Eo
511 863 637 891 tamen
662 865 740 891 non
768 854 1009 892 incommode
1033 854 1165 893 referri
1195 854 1300 905 posse
1323 856 1386 895 vi-

108 905 232 952 detur,
253 907 360 958 quod
375 905 514 944 alicubi
529 907 631 958 apud
645 906 910 959 Aristophanis
923 906 1170 947 Scholiastam
1190 910 1236 947 de
1258 909 1383 960 lapide

108 960 283 1013 φεγγίτη
304 960 429 1012 legere
445 972 504 998 me
521 961 700 1006 memini,
716 974 790 1013 qua
806 962 851 1000 de
865 974 905 1000 re
918 962 963 1000 ad
980 961 1102 1013 Ἀλεξ.
1122 975 1152 1001 c.
1174 975 1218 1000 21
1238 963 1382 1004 dietum

106 1013 176 1055 est.
195 1014 411 1053 Laciantius
428 1027 555 1054 autem
572 1014 703 1053 diserte
718 1016 769 1053 ait
783 1015 845 1054 lib.
862 1016 907 1053 de
923 1016 977 1054 ira
992 1014 1069 1054 Dei
1085 1028 1166 1068 cap.
1186 1029 1251 1064 10,
1267 1030 1302 1069 p.
1323 1030 1378 1058 m.

108 1068 188 1119 630
202 1067 247 1106 C.
265 1069 371 1107 orbem
386 1069 523 1106 vitreum
542 1068 678 1120 plenum
692 1084 783 1120 aqua
790 1071 828 1120 fi
839 1072 981 1108 tenueris
997 1070 1032 1107 in
1049 1069 1147 1122 sole,
1175 1072 1212 1108 de
1232 1071 1380 1120 lumine,

108 1124 202 1173 quod
212 1123 255 1159 ab
269 1137 361 1175 aqua
381 1121 538 1174 rqfizlget,
560 1123 650 1173 ignis
671 1125 874 1168 accenditur,
888 1125 987 1162 etiam
1009 1125 1044 1161 in
1061 1125 1227 1175 durzſjimo
1237 1124 1381 1177 frigore.

109 1176 270 1215 SOLAN.
287 1175 351 1215 De
364 1176 593 1215 Archimede
614 1177 690 1215 hoc
709 1188 804 1228 puto
821 1178 964 1230 primus
984 1177 1172 1216 somnium
1188 1178 1382 1218 Lucianus

105 1229 213 1268 dixit.
228 1240 284 1268 LA
305 1230 470 1270 CROZE.
491 1230 675 1268 Mirandis
698 1231 745 1268 ab
770 1230 806 1269 se
825 1232 989 1269 inventis
1004 1232 1187 1270 machinis
1211 1232 1379 1272 hostium

105 1296 227 1322 naves
242 1284 415 1336 repuliffe
431 1297 547 1335 atque
561 1283 770 1323 demerfiffe
782 1295 959 1323 narratur
973 1297 992 1322 a
1012 1284 1201 1324 Plutarch.
1219 1287 1254 1323 in
1273 1286 1380 1325 Mar·

107 1337 207 1376 cello
223 1338 397 1390 pluribus
424 1339 463 1377 in
485 1338 591 1377 locis.
615 1338 669 1376 lta
686 1350 728 1376 ut
746 1339 953 1378 Marcellus
974 1352 1060 1376 eum
1083 1339 1380 1380 Geometricum

105 1390 260 1431 Briarea
282 1393 458 1441 vocarit,
472 1403 606 1431 contra
629 1405 745 1443 quem
769 1391 906 1432 frustra
927 1392 1096 1432 Romani
1121 1392 1217 1431 fabri
1233 1393 1381 1438 machi-q

103 1457 174 1485 nas
189 1444 273 1484 suas
285 1446 516 1485 adhiberent.
535 1445 684 1484 Rmz.

159 1501 232 1538 ead.
245 1500 268 1537 l.
287 1514 345 1551 15.
363 1499 488 1538 Θαλῆς
502 1498 711 1550 s÷&c.)1n
726 1510 843 1552 marg.
861 1500 911 1538 A.
936 1502 991 1538 W.
1007 1499 1255 1552 adscriptum:
1277 1500 1378 1541 idem

106 1552 283 1593 Laertius
296 1554 335 1592 in
349 1555 428 1593 vita
443 1552 626 1592 Thaletis.
638 1553 709 1592 Sed
724 1553 838 1592 Gesn.
854 1554 984 1593 locum
1002 1555 1073 1593 iam
1090 1555 1281 1594 indicavit.
1299 1556 1379 1594 Ad-

104 1607 192 1645 dam
203 1618 350 1646 tantum
364 1608 481 1646 verba
495 1606 708 1658 Diogenis:
721 1606 877 1654 Κροῖσον,
891 1603 919 1656 ᾧ
933 1609 996 1646 καὶ
1008 1603 1188 1647 τὶνἈΜιν
1202 1608 1377 1659 τῙιττοο-χιεί1

104 1664 201 1701 citou
219 1659 304 1700 ἄνευ
321 1662 490 1715 ’γεφύραις
500 1662 684 1712 ’πρίω-αι,
696 1663 738 1698 τὶ
753 1660 876 1711 ῥεῖθρον
890 1660 1213 1712 παρατρέψαντα.
1227 1661 1376 1703 REITz,

162 1716 252 1769 Pag.
271 1718 358 1767 296.
374 1717 396 1753 l.
412 1715 633 1767 ι.”Αβρσχον
648 1713 907 1767 Ᾱ“ιαβιβάισειν)
923 1715 1046 1754 Caute
1062 1728 1186 1754 narrat
1201 1717 1379 1756 Herodo-

104 1779 168 1808 tus
181 1769 223 1815 1,
238 1783 306 1822 75,
322 1770 361 1808 δι
379 1771 430 1808 ita
449 1780 494 1808 ut
512 1767 625 1807 fidem
648 1767 684 1807 se
699 1769 906 1821 adiungere
924 1771 1130 1808 narrationi
1154 1771 1286 1809 diserte
1309 1783 1377 1810 ne-

104 1833 187 1875 get:
210 1823 443 1868 affeverate,
471 1836 513 1862 ur
540 1823 703 1868 videtur,
735 1823 999 1872 Apollodorus
1024 1823 1125 1876 apud
1155 1823 1376 1875 Diogenem

102 1877 296 1917 Laertium
321 1877 359 1924 Ι,
377 1877 447 1930 38:
475 1877 586 1928 plane
613 1876 690 1914 sine
716 1877 791 1914 ulla
813 1877 1049 1916 dubitatione
1071 1874 1195 1916 Schol.
1218 1881 1262 1916 ad
1288 1880 1377 1917 Ari-

105 1931 230 1983 stoph.
247 1931 353 1970 Nub.
371 1931 454 1970 180.
471 1931 566 1970 Illud
581 1930 747 1969 κατόπιν
760 1931 878 1969 nostri
892 1931 1023 1969 diserte
1036 1960 1046 1975 ,
1068 1943 1110 1969 ut
1128 1932 1220 1969 lolet
1231 1962 1243 1977 ,
1258 1933 1378 1984 expli.

103 1996 165 2024 cat
180 1986 406 2024 Herodotus
417 2014 427 2031 ,
444 1984 576 2025 ἄνωθεν
591 1982 660 2023 τοῦ
671 1983 938 2034 στρατοπέὲου
956 1985 1177 2036 ἀρξάμενον,
1194 1984 1378 2035 ἓιώρυχαο

103 2038 233 2084 βαθέην
249 2039 423 2091 ὀρύσσειν,
443 2040 592 2091 ἄγονται
618 2038 838 2087 μηνοειδέα,
862 2039 952 2077 ὅκως
974 2040 1018 2077 ἂν
1045 2041 1086 2075 τὶ
1110 2039 1373 2087 apamenam

102 2092 285 2143 ἱὸρομένον
302 2095 410 2132 κατὰ
423 2093 534 2131 νώτου
549 2093 674 2138 λάβοι,
690 2107 721 2130 κ.
736 2106 773 2130 τ.
787 2104 821 2130 λ.
839 2093 959 2131 Etiam
975 2093 1064 2131 illud
1078 2093 1374 2135 obiervandum.

104 2146 193 2198 Qui
208 2147 412 2186 narrabant
424 2147 618 2186 Herodoti
633 2157 781 2191 aetate,
803 2146 826 2184 ii
850 2145 885 2198 ι)
908 2159 988 2185 non
1013 2147 1187 2184 dicebant
1203 2148 1373 2198 ἂιὲροχον

101 2201 318 2240 traductum
333 2201 543 2240 exercitum
556 2231 567 2248 ‚
589 2200 649 2239 sed
664 2199 824 2239 divisum
847 2201 886 2238 in
901 2201 980 2239 duo
995 2200 1148 2238 brachia
1163 2201 1295 2251 Halyn
1318 2201 1372 2239 ob

101 2254 219 2305 ipsam
244 2255 347 2293 illam
371 2253 598 2293 divisionem
615 2255 797 2306 utrinque
813 2254 994 2293 vadosum
1018 2254 1157 2293 facium
1171 2284 1184 2300 ‚
1205 2268 1247 2293 ur
1265 2255 1372 2307 pedi·

101 2308 175 2347 bus
190 2309 339 2347 transiri
366 2308 508 2360 posset:
529 2308 570 2361 2)
588 2321 656 2347 nec
671 2309 865 2355 dicebant,
889 2321 963 2346 una
980 2309 1092 2347 nocte
1113 2310 1149 2346 id
1165 2321 1264 2360 opus
1281 2307 1372 2347 effe-

101 2361 205 2401 &um
228 2361 313 2401 effe.
336 2363 384 2401 Et
407 2375 534 2401 tamen
560 2363 806 2402 Herodotum
834 2374 978 2412 patrem
1005 2361 1219 2400 fabularum
1249 2364 1371 2412 vulgo

102 2415 358 2467 appellamus:
387 2417 428 2456 &
455 2416 581 2455 noster
604 2417 704 2454 dedit
728 2427 928 2468 praecepta
952 2415 1164 2454 scribendae
1186 2415 1372 2454 histor-zac.

100 2468 267 2508 Cautius
290 2471 407 2522 paulo
431 2482 518 2509 ante
541 2471 587 2508 de
609 2470 860 2517 Archimede,
881 2470 942 2509 cui
956 2470 1130 2508 incendia
1153 2470 1272 2509 modo
1307 2482 1373 2512 na«⁴

98 2524 208 2563 vium
223 2552 234 2572 ‚
260 2536 340 2563 non
360 2522 511 2577 specula
531 2524 688 2564 tribuat.
702 2523 831 2565 GrsN.
