1956 3444
147 303 218 348 IN
249 300 616 350 RHETORUM
647 302 1174 352 PRAECEPTOREM.
1235 321 1325 370 517

104 392 185 432 ibid.
210 392 428 444 ΙΙάνσοφον)
449 391 584 444 Quem
609 391 708 432 hisce
733 391 916 445 designari
940 394 1114 440 credam,
1136 405 1229 435 nota
1250 407 1326 435 no-

50 447 124 487 ssra
144 447 190 485 ad
206 446 360 485 titulum
378 447 489 485 huius
506 445 680 498 opusculi
697 446 886 488 indicavit.
913 447 1072 487 SOLAN.

108 502 199 551 Pag.
218 512 305 551 23¹·
325 499 349 538 l.
372 513 404 538 1.
433 502 646 553 Παγκαλον
661 521 707 529 -
730 499 840 539 ἓιασ.
860 522 905 529 —-
930 500 1102 540 ἐπικεκλ.
1122 502 1219 555 &c.)
1244 501 1325 541 Iam

50 554 217 606 eleganti
237 551 365 591 rursus
381 551 567 606 asyndeto
586 553 679 593 haec
700 554 895 599 enuntiat,
923 554 968 593 de
995 568 1076 607 quo
1099 569 1218 606 pauca
1239 569 1328 595 mo-

51 609 205 647 nuimus
229 608 273 645 ad
292 621 312 644 2
334 607 426 646 Ver.
444 607 541 646 Hist.
564 620 596 646 c.
614 620 674 659 35.
700 607 808 646 Adde
825 606 931 646 Afin.
949 621 983 647 c.
1009 609 1053 647 16
1074 622 1123 647 m.
1148 609 1242 649 Icar.
1267 623 1326 649 12.

53 659 171 700 Conf.
186 659 337 699 Parasit.
353 673 434 711 cap.
456 673 516 713 13,
529 659 705 710 μάθησιν,
718 663 841 708 πόνον,
855 661 987 709 φόβον,
1002 662 1181 715 πληγάς.
1199 663 1341 714 Quod.

50 714 137 754 ideo
153 727 296 753 moneo
307 743 318 760 ‚
335 726 384 752 ne
399 713 545 765 semper
560 713 758 754 accusetur
774 715 888 753 nimis
904 716 1053 767 repetiti
1077 716 1151 754 καί.
1176 717 1324 755 ΒΕΙΤΖ.

107 769 189 807 ibid.
213 767 585 820 Διασεο-αλευμένον)
605 766 665 806 Sic
686 767 800 821 supra
814 769 859 807 de
873 769 1044 809 Merced.
1066 781 1099 808 c.
1116 782 1161 822 33
1186 770 1211 809 f.
1232 770 1324 810 stoe-

53 827 325 872 σεσαλευμένον
345 824 386 858 τὶ)
402 820 574 870 βλέμμα.
600 821 741 861 REITz.

106 879 180 914 ead.
198 877 221 914 l.
240 889 272 927 5.
290 874 522 914 ὝακινΘινας
536 877 608 914 τὰς
621 873 782 929 τρίχας)
799 875 915 915 Conf.
931 874 1043 928 supra
1054 876 1192 916 Amor.
1215 889 1248 916 c.
1263 877 1327 917 26.

49 929 163 970 Adde
178 928 205 967 1.
223 929 410 968 Arntzen.
428 929 473 966 de
486 927 591 967 rinei.
607 928 646 967 δι
662 929 797 969 colore
813 940 956 969 comat.
980 930 1126 969 Rmz.

105 986 180 1022 ead.
192 984 214 1021 l.
231 984 267 1021 6.
292 982 466 1033 Κινύραν)
493 981 639 1022 Pindar.
655 984 692 1022 in
717 984 896 1023 Nem-aeis
919 985 958 1023 δι
973 983 1064 1023 Plat.
1082 985 1123 1023 L.
1139 998 1161 1022 2
1180 983 1225 1022 de
1249 982 1325 1035 leg.

52 1038 311 1076 meminerunt
338 1036 523 1088 Cinyrae.
553 1036 647 1075 Item
676 1036 814 1076 Suidas
845 1039 881 1076 in
911 1037 995 1076 όίξὶ.
1023 1039 1323 1090 καταγηρασκω.

51 1091 199 1130 COGN.
220 1090 409 1140 Myrrhae
431 1100 603 1141 patrem3
629 1091 743 1130 alium
767 1091 865 1130 enim
887 1089 1076 1131 famosum
1100 1104 1183 1130 non
1200 1091 1323 1130 novi:

53 1158 124 1184 nec
144 1147 189 1183 de
204 1145 363 1182 muliere
375 1144 531 1195 intelligi
548 1143 657 1184 facile
673 1145 931 1197 extorquebis.
955 1144 1112 1184 SOLAN.

1 1200 3 1208 ”
110 1200 190 1237 ibid.
206 1197 416 1251 Ἀγάθωνα)
435 1198 650 1249 Agathonis
671 1202 809 1250 poetae
831 1200 962 1251 tragici
977 1198 1155 1251 splendidi
1176 1198 1215 1236 δι
1233 1197 1326 1236 libe-

2 1297 4 1303 !
51 1253 142 1295 ralis
159 1252 333 1292 meminit
351 1250 550 1304 Aristoph.
569 1252 606 1290 in
623 1252 859 1305 Thesmoph.
876 1255 983 1293 cuius
1003 1253 1212 1292 carminum
1231 1251 1328 1290 mol.

0 1317 4 1356 ρ
54 1307 172 1346 litiem
202 1306 330 1344 multis
354 1305 478 1344 modis
500 1306 656 1345 deridet.
687 1307 946 1346 Meminerunt
976 1306 1109 1346 Suidas
1139 1307 1176 1344 δι
1203 1304 1327 1345 Plato.

54 1360 201 1400 COGN.
226 1359 290 1399 De
310 1359 385 1398 hoc
407 1357 561 1398 consule
580 1359 813 1399 eruditiffimi
834 1361 995 1400 Bentleii
1011 1360 1326 1400 Differtationem

4 1435 5 1460 3
54 1415 101 1453 de
129 1412 242 1465 Epist.
258 1414 346 1452 Eur.
363 1413 403 1452 ἃ
417 1412 591 1452 philostr.
617 1427 700 1466 pag.
714 1427 788 1465 493
815 1428 901 1454 cum
920 1426 1000 1453 not.
1020 1414 1106 1452 Vid.
1124 1414 1237 1453 etiam
1256 1412 1327 1453 Lil.

5 1512 6 1524 ρ
50 1467 193 1520 Gyral.
208 1481 281 1518 299
296 1466 320 1505 f.
337 1466 532 1518 Aristoph.
550 1480 585 1518 p.
602 1468 692 1513 766.
707 1469 847 1507 Athen.
858 1467 948 1507 XIII
961 1499 972 1516 ‚
987 1479 1018 1508 c.
1035 1467 1155 1516 4311,
1170 1480 1229 1504 21.
1246 1467 1329 1504 Va-

56 1523 111 1560 ria
124 1522 207 1561 eius
221 1520 315 1559 vitia
332 1531 436 1559 taxat
452 1520 564 1558 Arist.
583 1521 627 1560 de
642 1521 781 1563 Poetic.
797 1534 830 1561 c.
851 1523 912 1570 16,
927 1523 966 1561 ἃ
981 1521 1107 1561 Schol.
1124 1519 1324 1572 Aristoph.

6 1619 7 1632 ρ
55 1576 158 1615 Vide
176 1574 402 1614 &Voffium
415 1574 460 1613 de
478 1574 604 1615 Poetis
617 1574 684 1615 Gr.
712 1575 870 1615 SOLAN.

109 1631 186 1669 ead.
200 1631 223 1668 l.
242 1627 474 1682 13.'Apoiepn5
491 1630 631 1680 καρπον
647 1629 800 1681 ἕὲομεν)
816 1630 934 1668 Hom.
952 1628 993 1667 ll.
1006 1632 1045 1675 Z,
1064 1641 1149 1676 142.
1161 1627 1322 1667 SOLAN.

109 1686 182 1722 ead.
198 1684 220 1722 l.
242 1697 300 1735 15.
315 1682 503 1733 Σεαυτον)
515 1682 771 1721 florentinam
787 1683 885 1722 male
907 1681 1038 1722 ἑαυτὸν
1056 1683 1208 1728 habere,
1232 1681 1330 1719 adle-

7 1756 8 1779 l
57 1748 168 1777 verat
183 1736 311 1777 Solan.
333 1736 427 1775 Non
449 1738 545 1774 adeo
567 1736 685 1784 male3
701 1737 792 1789 quin
811 1738 872 1776 vel
888 1736 938 1775 sic
953 1737 1127 1783 ederem,
1152 1733 1182 1781 fi
1201 1735 1330 1787 plures

8 1825 9 1828 ,
59 1792 290 1831 addicerent.
308 1790 397 1829 Vid.
415 1791 460 1828 ad
476 1788 595 1828 Paras.
611 1803 644 1828 c.
659 1791 697 1837 8,
713 1790 819 1830 Asm.
840 1804 900 1843 13,
913 1791 954 1830 δε
970 1790 1088 1829 modo
1103 1789 1148 1828 ad
1168 1802 1199 1829 c.
1217 1788 1238 1826 8
1257 1788 1330 1827 hu·

8 1854 9 1891 ἕ
57 1848 116 1885 ius
129 1844 288 1897 Dialogi
303 1844 464 1882 indicata
480 1858 488 1881 :
513 1854 551 1882 at
568 1844 658 1897 quia
674 1844 877 1896 vulgatum
893 1843 947 1883 est
960 1844 1006 1882 ad
1022 1856 1222 1889 normam,
1243 1843 1332 1895 quis

60 1900 95 1939 id
112 1898 317 1938 moveret?
346 1898 494 1937 Rmz.

115 1956 190 1992 ead.
206 1954 229 1991 l.
250 1953 309 1991 16.
324 1952 503 1991 Βασιλεὺς
519 1951 553 1989 ἐν
572 1950 651 1991 τοῖς
665 1949 814 2005 λόγοις)
826 1950 965 1991 Iulium
983 1950 1176 1989 Pollucem
1188 1979 1200 1995 ,
1216 1948 1333 1988 Ono-

10 2049 11 2056 }
61 2006 209 2047 mastici
224 2006 423 2045 auctorem
444 2019 522 2044 non
539 2006 640 2057 tangi
657 2006 730 2046 hoc
744 2006 898 2053 libello,
919 2018 1006 2045 cum
1024 2004 1108 2043 satis
1120 2003 1332 2043 luculenter

63 2061 266 2100 ostenderit
286 2059 610 2105 Hemstefflustus,
628 2072 706 2098 non
720 2072 821 2111 opus
835 2058 909 2105 est,
932 2070 976 2099 ut
992 2070 1149 2110 operam
1167 2070 1211 2095 ea
1230 2058 1266 2095 in
1291 2070 1333 2097 re

11 2138 13 2163 χ
64 2126 277 2167 ponamus:
307 2112 367 2152 sed
389 2113 478 2152 illud
492 2126 617 2151 tamen
634 2114 805 2152 indicare
825 2114 948 2166 placet
963 2143 974 2159 ‚
999 2124 1126 2164 neque
1139 2112 1236 2149 hanc
1251 2109 1333 2150 for·

12 2185 13 2192 ¹
67 2170 225 2217 mulam,
238 2180 363 2219 neque
377 2168 476 2207 illam
494 2167 649 2205 alteram
666 2168 710 2206 de
721 2168 939 2218 τεθρίπποις
952 2165 1019 2205 τοῦ
1029 2168 1161 2218 λόγου,
1175 2166 1209 2202 in
1223 2164 1335 2204 Ono·=

12 2221 13 2244 ³
67 2222 227 2263 mastico
243 2222 404 2268 exstare,
418 2233 460 2260 ut
474 2220 613 2260 scilicet
631 2234 701 2261 nec
719 2222 879 2273 reliqua,
894 2233 994 2273 quae
1011 2221 1069 2258 hic
1090 2220 1183 2258 ridet
1200 2219 1336 2257 Lucia-

13 2276 14 2287 *
68 2289 151 2316 nus.
176 2276 258 2315 Nec
274 2276 349 2322 est,
370 2275 477 2327 quod
498 2276 582 2326 quis
595 2275 692 2314 dicat
706 2306 715 2320 ,
735 2276 771 2313 in
790 2276 868 2314 aliis
881 2275 984 2313 libris
1003 2274 1046 2312 iis
1063 2272 1189 2313 verbis
1204 2272 1309 2311 usum
1328 2287 1336 2311 ;

13 2328 15 2343 ⁴
70 2343 149 2370 non
164 2331 266 2369 enim
286 2327 462 2381 proftho
477 2330 567 2367 talia
584 2328 760 2368 omisiffet
780 2329 817 2367 in
831 2328 1098 2368 Onomastico.
1127 2327 1229 2365 [llius
1245 2339 1340 2377 por·

14 2405 16 2431 χ
70 2397 118 2424 ro
138 2383 377 2435 singulorum
404 2383 589 2421 librorum
613 2382 866 2436 praefationes
888 2381 1103 2433 longiffime
1128 2379 1262 2418 absunt
1288 2379 1337 2417 ab

15 2434 16 2478 J
71 2450 118 2478 ea
133 2438 276 2477 dicendi
291 2436 431 2482 forma,
446 2450 562 2487 quam
577 2437 770 2476 Lucianus
788 2436 1038 2489 reprehendit.
1061 2434 1132 2474 Sed
1147 2433 1339 2486 praeclare

15 2492 17 2540 ζ
74 2491 200 2530 achim
218 2505 238 2530 a
251 2491 337 2530 viro
351 2489 564 2529 dociiflimo
579 2521 591 2536 ,
613 2504 690 2529 non
704 2491 862 2541 agimuS.
885 2489 1017 2529 GESN.

129 2546 222 2595 Pag.
247 2558 333 2597 232.
353 2544 376 2582 l.
392 2544 426 2582 6.
441 2544 535 2582 Φαὶη
558 2542 602 2581 ἄν
620 2542 819 2596 τοιγαροῦν
833 2546 924 2594 πρὸς
942 2543 983 2581 σὲ
1005 2538 1082 2591 ὧδέ
1095 2555 1192 2585 πως,
1207 2540 1339 2578 &mmo

17 2624 18 2633 ι
72 2599 234 2650 σαμενος
259 2597 391 2638 ὁπόσον
413 2596 467 2637 ἔτι
492 2601 623 2638 λοιπον
646 2596 711 2638 τᾶς
739 2596 875 2649 κόμης,
900 2595 965 2635 καὶ
987 2591 1270 2644 ὑπομςιέιέισσᾰ
1295 2595 1338 2632 :rb

965 2648 1092 2702 Kk3
