1956 3444
304 267 386 313 IN
419 267 514 313 DE
547 265 975 313 PARASITO.
1192 270 1282 332 463

15 352 134 393 etiam
149 367 170 394 a
186 356 303 407 poeta
317 354 489 407 quaesita
510 355 629 394 videri
645 354 786 406 potest,
802 356 847 394 ad
863 356 1004 395 lentam
1019 355 1235 395 admirantis
1249 357 1292 397 Sc

17 419 97 445 rem
116 420 289 459 magnam
310 411 473 459 parantis
493 409 844 469 pronuntiationem
865 410 1141 455 exhibendam,
1163 410 1290 463 legere

15 458 89 498 iam
105 462 234 501 πλεῖον
249 462 290 500 &
310 462 368 501 hic
385 464 544 515 poterit,
565 463 630 502 cui
651 462 689 500 id
713 463 863 500 videtur
877 464 985 501 tanti.
1000 463 1144 503 Rmrz.

73 517 148 553 ead.
161 516 183 553 l.
199 516 236 554 6.
254 514 313 554 Δι’
327 514 432 568 ὅλου)
445 516 502 554 Ita
522 517 564 554 V.
581 529 616 556 2
631 515 732 554 &R
747 515 936 562 scribunt,
952 517 1064 557 refie.
1079 517 1123 556 In
1138 516 1293 570 reliquis

0 568 259 607 coniunfflm
279 568 452 608 scribitur
472 569 624 615 samu,
649 567 820 608 absurde.
844 568 1005 608 SOLAN.

72 622 182 660 eadml
199 622 329 661 10.E1'5
352 622 637 675 Ἀγαμέμνονα)
659 622 818 661 Homer.
840 622 881 661 ll.
898 627 950 670 H,
969 636 1055 673 312.
1076 622 1233 662 SOLAN.

72 674 175 713 ibid'
175 674 311 728 ‘A‘yov)
327 676 387 715 Sic
401 681 502 727 apud
520 677 734 714 Homerum
753 675 822 715 δι
815 688 852 714 ιη
875 675 933 716 ed.
957 677 1012 714 Fl.
1029 676 1188 728 legitur:
1206 678 1293 717 reli·

0 740 96 781 iqua
111 728 302 768 Lucianea
318 728 413 768 sunt
438 730 596 768 SOLAN.

75 784 147 820 ead.
167 783 193 821 l.
211 795 270 835 ¹3·
283 778 473 822 Ωςαῦτός
489 781 781 836 φησι)Πὸίὴο<;
797 782 896 822 dicat
909 783 1128 829 Homerus,
1140 783 1293 845 nescio;

0 845 124 874 certe
143 835 184 874 Il.
201 840 245 882 B,
260 850 351 888 405,
369 848 487 875 vocat
501 837 546 874 ad
565 848 725 875 coenam
744 836 904 877 Nestora
921 836 962 875 &
982 835 1258 877 Idomeneum
1251 852 1291 878 in

0 889 161 955 ιρι-ἱῐηίε.
181 889 252 929 Sed
272 903 319 928 ex
341 890 466 929 verbis
488 889 572 941 ipsis
588 891 889 943 Agamemnonis
904 889 951 927 ab
968 903 1018 929 eo
1045 890 1154 941 supra
1170 892 1291 931 allatis

50 942 154 981 Iliad.
169 948 223 991 A,
239 942 332 993 262)
347 945 383 982 id
400 943 509 982 elicit.
529 942 598 982 Ast
615 956 662 982 ex
679 943 820 995 quibus
838 942 972 988 eliciat,
993 943 1157 982 Nestora
1172 946 1292 984 etiam

36 1009 169 1048 emper
184 996 337 1035 adfuisse
349 997 654 1048 Agamemnonis
668 996 840 1043 mensae,
858 995 999 1036 nescio.
1014 996 1173 1037 SOLAN.

74 1052 148 1089 ead.
167 1050 191 1089 l.
208 1050 267 1089 16.
281 1049 556 1102 ἘπιΚιιινέως)
583 1050 709 1090 Locus
735 1051 918 1098 Homeri,
943 1050 1043 1090 unde
1070 1051 1146 1092 hoc
1166 1051 1291 1096 coniiq

18 1103 121 1152 ciat,
135 1102 189 1142 est
202 1103 304 1144 Iliad.
317 1107 345 1141 A
355 1106 470 1152 ,264
488 1103 647 1143 SOLAN.

74 1157 167 1208 Pag.
185 1156 271 1210 138.
284 1157 310 1195 l.
330 1170 388 1196 10.
399 1158 510 1196 Emo
512 1157 576 1209 ροι)
595 1158 713 1196 Hom.
734 1156 775 1196 ΙΙ.
796 1161 851 1205 Π,
871 1156 957 1205 278.
974 1156 1133 1199 SOLAN.

72 1213 147 1250 ead.
164 1209 188 1248 l.
209 1224 266 1249 11.
282 1211 564 1262 Πρωτεσιλάου)
591 1210 694 1249 Iliad.
713 1214 768 1258 Π,
789 1224 835 1262 29
813 1225 874 1264 93.
890 1211 1050 1250 SOLAN.

3 1273 4 1280 ¹
73 1264 534 1317 ead.l.16.}3oep7rncl³6m)
553 1263 657 1303 Iliad.
674 1268 730 1311 Π,
749 1263 841 1312 480.
858 1264 919 1303 De
943 1265 1187 1318 sequentibus
1204 1267 1289 1308 vid.

3 1318 136 1365 iet-iam
152 1318 234 1356 ead.
251 1317 291 1356 11.
306 1322 361 1364 Π,
376 1318 452 1367 788
467 1318 509 1357 δι
525 1318 614 1369 849.
633 1318 788 1357 SOLAN.

75 1371 166 1423 Pag.
186 1384 270 1424 139.
291 1372 313 1409 l.
333 1385 366 1412 2.
380 1374 467 1410 Θεος
482 1370 631 1411 καιδὺο
645 1371 851 1424 ανθρωποι)
867 1371 1037 1425 Apollo,
1059 1372 1224 1420 Hefiltor,
1245 1374 1289 1414 &

20 1423 104 1464 eius
118 1426 272 1477 auriga,
293 1424 358 1464 seu
375 1425 552 1477 armiger.
570 1425 738 1466 GUYET.

75 1480 152 1518 ead.
164 1478 192 1517 l.
212 1491 256 1538 3.
258 1478 327 1517 Κειι
344 1489 529 1517 τελευτων
545 1478 641 1531 διε.)
661 1479 730 1517 Κοιι
752 1476 938 1518 τελευτῶν
952 1477 997 1518 st
1013 1479 1293 1546 (Πάτροκλος)

23 1533 153 1583 φωνὰς
179 1530 339 1580 ἀφῆκεν,
362 1528 440 1585 οὐχ
461 1529 546 1572 οἵοις
567 1532 842 1599 γενναιότατος
857 1533 1014 1583 Εκτως,
1036 1535 1293 1584 προσπίπτων

23 1588 87 1625 τον
108 1585 300 1636 Ἀχιλλέα.
318 1608 361 1615 -
377 1586 464 1624 ἀλλ’
482 1583 564 1624 οἵοις
581 1585 676 1625 einos
698 1586 842 1632 ἀφειναιι
860 1586 1087 1650 παράσιτον.
1101 1591 1205 1626 ΤΤΧ.
1222 1589 1292 1627 Τί-’

20 1652 90 1679 νας
103 1653 273 1687 ταυτας
290 1642 390 1677 ΠΑΡ.
407 1637 570 1678 Tamum
584 1639 624 1678 δ”
644 1640 749 1690 εἰπέρ
767 1654 832 1689 μοι
856 1638 1012 1679 ἐείκοσιν
1033 1641 1291 1685 ἀντεβόλησαν

19 1691 99 1732 &c-
115 1692 178 1731 Sic
193 1705 288 1745 puto
304 1692 405 1731 hunc
420 1694 547 1733 locum
562 1693 784 1745 legendum,
809 1693 966 1732 intextis
982 1693 1174 1744 personis,
1187 1708 1291 1747 quae

21 1758 221 1798 perperam
245 1747 472 1786 exciderant.
494 1747 562 1786 Ait
586 1745 794 1794 Parafitus,
812 1745 1032 1786 Patroclum
1059 1749 1290 1789 morientem

8 1811 104 1842 mon
121 1798 324 1839 istiusmodi
338 1799 543 1852 supplicem
561 1801 606 1839 ad
618 1799 878 1839 interfeetores
890 1800 976 1839 suos
989 1800 1120 1840 mififfe
1133 1815 1290 1851 vocem,

21 1852 174 1905 qualem
190 1853 352 1898 Hefitor,
371 1854 590 1906 suppliciter
603 1866 717 1893 orans
736 1853 950 1901 Achillem,
964 1865 1006 1893 ut
1019 1868 1112 1907 cor
1116 1868 1160 1894 us
1174 1855 1289 1896 suum

23 1907 198 1959 cognatis
220 1907 456 1956 traderetur;
475 1919 516 1946 at
535 1907 666 1947 misisse
685 1920 767 1947 eam
793 1919 960 1952 vocem,
996 1921 1097 1960 quae
1091 1870 1289 1949 pParasito

23 1957 138 1999 fuerit
151 1962 274 2013 digna.
290 1962 419 2023 Rogat
432 1962 679 2012 Tychiades,
694 1973 796 2013 quae
817 1961 969 1999 demum
987 1975 1032 2000 ea
1049 1975 1130 2001 vox
1146 1962 1293 2002 fuerit?

23 2013 244 2065 Respondet
268 2014 455 2054 Parasitus
476 2015 536 2063 id,
555 2015 663 2067 quod
689 2015 737 2054 ab
765 2028 815 2055 eo
838 2015 1072 2055 moribundo
1094 2017 1291 2069 prolatum

23 2066 153 2116 fuiffe,
174 2068 288 2108 refert
311 2070 517 2109 Homerus
539 2069 645 2108 ΙΕΝε.

78 2125 152 2161 ead.
166 2123 191 2159 l.
207 2137 244 2171 4.
251 2115 388 2174 Ἕκτωρ
406 2122 676 2175 προσπίπτων)
695 2122 813 2161 Hom
830 2121 873 2160 Il.
890 2126 944 2167 X,
962 2134 1050 2175 337.
1066 2121 1224 2163 SOLAN.
1239 2123 1287 2164 In

22 2173 207 2215 Homero
222 2175 275 2215 est
289 2176 504 2225 λίσσομαι,
521 2189 602 2216 non
622 2176 887 2229 προσπίπτων.
907 2176 978 2215 Sed
995 2189 1042 2215 an
1059 2178 1101 2217 δι
1121 2193 1171 2230 πρ
1174 2179 1291 2218 οσπί-

25 2243 113 2268 πτω
137 2241 228 2269 cum
259 2229 476 2270 accusativo
498 2229 754 2269 construitur?
778 2229 843 2268 An
868 2230 1079 2270 verborum
1107 2232 1204 2271 ordo
1232 2231 1290 2271 est

25 2282 256 2322 mutandus?
280 2279 610 2336 legendumque,
612 2289 732 2335 Εκτωρ
750 2283 1001 2334 προσπίπτων
1020 2284 1086 2322 κα.)
1115 2284 1291 2326 ἱκετεύων

26 2337 89 2375 τον
110 2337 327 2390 Ἀχιλλέοι;
348 2350 435 2376 nam
458 2337 715 2389 προσπίπτειν
729 2352 801 2376 τινι
816 2347 905 2376 cum
926 2338 1060 2377 dativo
1082 2337 1214 2378 usitate
1229 2340 1289 2377 di-

23 2389 84 2435 ci,
98 2390 151 2429 est
165 2390 414 2430 notiffimum.
429 2391 523 2429 Non
535 2390 588 2430 est
601 2391 808 2449 quidquam
825 2392 1127 2440 immutandum,
1140 2404 1228 2432 cum
1244 2393 1287 2433 δε

25 2442 156 2495 Eurip.
179 2455 266 2483 cum
285 2444 446 2483 accusat.
462 2444 658 2483 construat
678 2444 756 2483 fere
779 2444 939 2496 semper,
961 2456 1003 2483 ut
1018 2444 1164 2484 Hecub.
1184 2460 1286 2511 339,

24 2496 300 2547 npbommes'
314 2497 461 2565 οὶκτρᾶῑς
475 2512 542 2536 του
525 2496 594 2537 S‘
607 2498 819 2537 Ὀδυσσέως
830 2498 933 2551 ’γόνυ
948 2496 1038 2536 Ibid.
1053 2512 1145 2551 737,
1159 2521 1203 2528 ——
1217 2499 1289 2537 πὸ

23 2563 114 2603 τερα
134 2551 340 2604 προσπέσω
361 2553 478 2605 26vv3
492 2551 624 2592 deinde
641 2553 830 2592 Androm.
847 2565 886 2593 v
910 2565 998 2606 537,
1009 2554 1050 2592 Τι
1060 2567 1111 2606 με
1126 2553 1289 2606 ‘xpofori-2
