1956 3444
349 268 427 314 IN
463 269 560 314 DE
595 267 1021 316 PARASITO.
1234 286 1325 337 435

120 362 196 399 ead.
207 359 232 398 I.
251 372 308 397 12.
331 357 686 412 Ἀγαλματοποὼν)
709 357 910 398 Vid.1ens.
933 357 996 397 De
1023 357 1120 398 Iove
1140 357 1336 413 Olympio

74 408 187 465 supra
203 411 332 465 paffim
346 414 486 452 dichim
502 413 565 451 est.
585 413 743 451 SOLAN.

127 469 202 504 ead.
219 468 241 504 l.
262 480 318 515 14.
342 465 571 518 Προοῖσται)
600 467 636 504 Α
651 466 783 504 futuro
800 464 962 503 Aeolico
978 465 1094 517 προεΐ,
1109 466 1310 517 moricum
1323 497 1336 513 ‚

74 519 246 569 προεῖπα
258 549 267 564 ,
284 519 478 570 προεῖστειι
491 550 504 565 ,
520 517 708 570 προΐσται.
733 519 796 555 An
808 520 854 556 ab
868 516 992 556 οἷσται
1005 549 1016 565 ,
1038 521 1174 566 διο-τὶς,
1193 521 1302 570 mfffilc
1314 525 1336 560 ,Ρ

74 571 211 611 Placet.
221 576 267 610 Tb
284 570 342 619 ἕω,
356 570 439 622 ἰἠμι
454 573 590 624 triplex
603 573 770 612 videtur:
787 568 913 619 ἕω,ὶ’ω,
930 570 1001 610 οἵω.
1016 572 1077 610 Ab
1092 572 1151 621 beo,
1167 569 1262 622 ὦκα,
1278 573 1337 613 ἕω-

76 639 144 672 κοι,
154 625 313 676 ἀφέωκιι
324 626 397 666 διε.
414 626 584 665 GUYET.

132 679 224 730 Pag.
241 692 325 727 104.
341 681 364 718 l.
381 694 414 732 3.
437 679 546 718 Δίωνι
565 701 608 708 -—
623 678 834 731 φιλοσόφῳ)
850 677 958 716 Dion
974 678 1254 719 Alexandrinus
1270 695 1336 720 na-

77 731 203 779 tione,
236 734 480 785 praecipuam
510 733 550 770 in
579 731 813 784 philosophia
838 732 988 770 laudem
1018 732 1070 770 est
1095 734 1334 774 consecutus.

79 785 181 824 Suid.
199 785 369 825 philostr.
385 788 421 825 &
436 785 532 836 Syn.
546 786 592 824 de
603 786 711 831 laude
726 786 876 824 calvitii.
899 786 1053 823 Lucian.
1067 786 1102 823 in
1120 786 1337 839 Peregrino.

78 838 226 878 COGN.
245 841 346 878 Vide
360 839 484 890 Cogn.
499 839 592 878 Not.
607 840 648 879 δι
662 843 746 878 Μεν.
763 851 797 877 c.
820 852 876 887 17.
898 838 1064 876 Perlefta
1076 838 1243 879 Platonis
1260 844 1339 890 epi·

80 891 176 931 stola
197 891 369 944 septima,
387 892 513 939 facile,
535 893 665 938 credo,
688 905 834 931 mecum
860 891 1006 936 senties,
1031 894 1241 945 Dionyfium
1258 895 1339 944 hic,

83 958 162 985 non
179 947 342 992 Dionem,
355 960 376 985 a
388 947 558 985 Luciano
572 946 748 998 scriptum
766 944 884 985 fuiffe.
908 945 1065 984 SOLAN.
1118 953 1126 967 ‘

135 1002 208 1038 ead.
225 1001 248 1039 l.
268 1014 325 1047 14.
339 1001 470 1039 “wa
489 999 634 1052 οὶομειι)
656 1001 759 1038 Vett.
776 998 1144 1051 Codd.inspiciendi.
1167 1001 1338 1042 GUYET.

79 1050 184 1092 Nihil
200 1054 394 1092 varietatis
414 1054 596 1098 invenio,
622 1066 691 1092 nec
712 1052 892 1091 desidero.
914 1053 951 1091 Si
968 1065 1054 1091 curn
1072 1052 1218 1106 Obsop.
1243 1057 1342 1096 male

84 1118 226 1154 vertas,
236 1118 273 1145 ut
284 1108 428 1146 arbitror
427 1107 517 1158 fhre,
531 1106 597 1144 nx}
613 1106 734 1146 abesse
746 1106 879 1157 poffit3
900 1105 985 1158 (etsi
1001 1105 1110 1159 saepe
1123 1111 1342 1157 πλεονάζει,

87 1174 126 1198 v.
140 1159 236 1199 insta
249 1173 331 1211 cap.
347 1160 428 1212 28.)
443 1161 496 1199 At
507 1159 533 1198 sl
547 1173 635 1199 cum
650 1161 788 1199 Bened.
802 1161 941 1207 verius,
955 1161 1052 1198 etiam
1065 1162 1281 1213 quodsentio,
1294 1166 1348 1201 di-

83 1229 179 1260 cam,
195 1227 319 1266 neque
338 1215 545 1253 abundabit
566 1214 630 1251 καὶ
643 1242 654 1260 ,
677 1226 801 1264 neque
813 1214 851 1251 in
864 1213 964 1252 ὅπως
975 1215 1181 1266 quidquam
1196 1218 1274 1254 vitii
1294 1218 1344 1256 la-

85 1277 162 1313 tet,
184 1280 257 1320 pro
274 1280 355 1320 quo
367 1266 494 1307 forsan
514 1263 561 1306 ὦς
577 1267 763 1318 quaesivit
782 1266 977 1317 Guyetus.
998 1267 1069 1305 Sed
1084 1268 1159 1306 vid.
1175 1269 1220 1308 de
1231 1270 1345 1324 ὅπως,

90 1321 189 1360 infra
201 1333 233 1360 c.
246 1335 269 1374 9
284 1321 324 1361 &
342 1335 402 1373 32.
419 1321 465 1360 Et
479 1333 609 1359 noram
622 1320 750 1359 Solani
764 1321 808 1359 ad
819 1321 919 1360 Tim.
937 1319 952 1368 §
966 1321 1029 1368 48.
1054 1320 1198 1360 Rm‘rz.

140 1375 245 1413 ead.l.
264 1387 320 1427 15.
333 1372 472 1426 Οὐδὲν)
486 1374 541 1413 lta
554 1376 608 1412 Fr.
620 1373 708 1413 sola.
724 1373 911 1426 Reliquae
924 1386 1058 1412 ornnes
1070 1371 1175 1414 οὐθέν.
1187 1376 1240 1414 Fl.
1251 1388 1344 1415 cum

86 1426 329 1480 sequentibus
343 1428 478 1480 iungit,
492 1426 635 1468 omiffis
648 1432 745 1480 Τυχ.
760 1428 799 1466 &
816 1432 909 1478 Πειρ.
926 1426 1083 1466 SOLAN.
1110 1427 1239 1468 Primo
1252 1431 1346 1469 illud

89 1482 316 1521 admonendi
338 1481 465 1521 sumus
477 1513 488 1529 ,
504 1481 738 1520 vocabulum
752 1477 862 1526 οὐθὲν,
873 1481 1002 1520 Attica
1013 1482 1163 1520 ratione
1178 1483 1349 1523 abunda·

89 1548 143 1575 re.
169 1534 320 1574 Deinde
338 1536 375 1573 in
389 1536 556 1587 personis
567 1534 660 1573 nihil
673 1535 903 1574 mutaverim
914 1564 924 1580 ‚
943 1547 1029 1574 cum
1045 1536 1142 1574 bene
1154 1538 1283 1575 omnia
1297 1538 1350 1577 sic

92 1589 335 1629 cohaereant.
364 1589 435 1628 Sed
449 1589 538 1628 illud
553 1589 583 1627 εἰ
607 1587 692 1633 καὶ,
716 1589 822 1639 quod
836 1587 956 1627 solum
976 1587 1240 1628 obscuritatem
1255 1591 1351 1629 diffi-

90 1643 351 1695 cultatemque
373 1643 461 1682 huic
480 1642 569 1681 loco
591 1641 768 1681 obiecifl'e
790 1642 954 1689 videtur,
967 1654 1046 1680 non
1065 1654 1285 1694 concoquo‚
1306 1646 1349 1684 δε

93 1696 228 1736 dedisse
248 1696 460 1735 Lucianum
482 1695 647 1734 arbitror
666 1694 772 1741 εἰπὲ,
793 1695 898 1747 quod
912 1696 1023 1733 etiam
1037 1695 1351 1746 interpretatione

94 1748 266 1802 expreffi.
290 1750 363 1788 Dic
376 1752 490 1796 modo,
505 1761 544 1787 ut
550 1760 657 1800 potes.
677 1748 813 1787 Parum
833 1747 969 1787 referet
988 1750 1032 1787 ad
1049 1762 1185 1788 verum
1197 1764 1243 1788 ea
1258 1752 1292 1788 in
1309 1764 1351 1790 re

94 1802 421 1856 cognoscendum,
431 1802 510 1841 five
522 1801 741 1853 paratusfis,
752 1801 832 1840 sive
845 1803 982 1840 minus.
997 1801 1121 1841 GESN.
1135 1803 1224 1842 Non
1238 1805 1351 1844 valde

96 1857 311 1910 repugnavi
325 1856 468 1895 Solano
489 1852 591 1895 οὐθὲν
605 1854 846 1901 rescribenti,
862 1856 951 1907 quia
963 1856 1031 1893 vix
1044 1856 1151 1894 aliter
1164 1857 1256 1896 solet
1271 1859 1353 1897 No-

96 1910 189 1950 ster:
209 1910 351 1961 alioqui
365 1910 517 1962 perinde
528 1908 623 1955 effe,
644 1908 774 1947 nescio
790 1921 881 1947 num
899 1921 1038 1959 operae
1048 1908 1162 1948 fuerit
1178 1912 1353 1961 probare.

95 1964 169 2004 Sed
180 1965 268 2016 quia
284 1964 428 2014 Phryn.
446 1978 482 2015 p.
497 1963 547 2012 76
564 1974 691 2015 negat,
707 1959 818 2001 οὐθεὶς
831 1962 933 2000 recte
949 1963 1020 2000 dici
1035 1976 1104 2013 pro
1120 1960 1256 2010 ossse‘x,
1271 1965 1355 2003 alii·

99 2031 176 2071 que
190 2015 301 2056 οὖΘεὶς
317 2017 523 2056 Aeolicum
538 2015 611 2055 effe
625 2017 742 2062 aiunt,
758 2015 965 2054 nonnullos
977 2015 1092 2054 auett.
1107 2015 1328 2069 subiungant
1339 2047 1352 2065 ‚

102 2072 140 2110 in
153 2072 293 2122 quibus
305 2067 413 2117 οὐθὲν,
425 2069 530 2120 μηθὲν
549 2071 590 2110 &
605 2065 714 2107 οὐθεὶς
730 2069 902 2116 invenio,
915 2070 981 2120 qui
994 2079 1119 2108 tamen
1135 2071 1261 2109 Attica
1276 2085 1358 2110 ma·-

100 2126 305 2177 gis‚·quam
319 2124 494 2171 Aeolica,
516 2122 674 2162 dialecto
696 2121 883 2174 scripsere.
904 2120 1013 2161 Οὐθὲν
1035 2122 1090 2161 bis
1113 2125 1213 2176 apud
1234 2124 1353 2164 Dion.

103 2178 192 2218 Hal.
204 2177 280 2217 VlI
293 2206 305 2225 ,
320 2192 355 2230 p.
369 2191 420 2216 m.
435 2190 527 2225 472,
546 2177 607 2222 16,
630 2188 742 2228 atque
755 2176 842 2215 alibi
855 2174 995 2228 paffim.
1013 2174 1132 2214 Οὐθεὶς
1150 2175 1269 2216 Diod.
1285 2179 1359 2217 Sic.

103 2232 163 2279 Π,
177 2245 210 2272 c.
232 2245 291 2283 19,
303 2245 343 2269 ν.
357 2230 418 2284 39
435 2227 556 2269 Οὖθενὶ
573 2230 668 2269 idem
685 2229 757 2276 111,
772 2242 805 2268 c.
826 2243 886 2281 57,
905 2243 942 2268 v.
955 2230 1017 2280 65.
1041 2228 1152 2268 Μηθὲν
1170 2231 1325 2270 Arissor.
1338 2231 1358 2272 1

104 2285 185 2325 Pol.
202 2298 234 2324 c.
252 2285 291 2331 8,
308 2284 338 2323 εἰ
355 2285 412 2323 οὑν
426 2281 444 2324 ἧ
459 2284 575 2333 φύσις
588 2282 709 2333 μηθὲν,
722 2281 819 2332 μήτε
832 2282 966 2322 ἀτελὲς
979 2282 1087 2321 ποιεῖ.
1105 2283 1360 2335 Quamquam

107 2338 193 2377 ibid.
207 2351 241 2377 c.
259 2353 298 2385 4,
315 2334 415 2376 οὐδὲν
430 2337 473 2376 ἂν
485 2336 576 2376 ἔδει.
591 2337 662 2376 Sed
670 2337 754 2375 eod.
764 2337 825 2375 lib.
839 2348 871 2375 c.
881 2340 899 2374 '1
913 2350 926 2374 1
946 2336 1031 2388 post
1044 2338 1137 2375 med.
1150 2335 1214 2376 ἕατ’
1224 2337 1364 2377 οὐθενὸς

107 2390 392 2436 ἐπιβάλλοντος·
406 2403 438 2429 c.
457 2405 517 2437 12,
538 2391 769 2439 σκυτοτόμος
787 2389 824 2429 A*
836 2385 961 2436 οὐθεὶς,
980 2385 1064 2427 σι’·ἒὲ
1077 2390 1146 2428 τῶν
1163 2390 1288 2430 ἄλλων
1302 2406 1364 2431 τε·

107 2444 267 2496 χνιτῶν.
284 2445 335 2483 At
349 2442 451 2483 οὐδὲν
465 2443 612 2482 rursum
625 2444 665 2482 L.
680 2455 757 2491 2,c.
771 2443 855 2494 3,&
865 2443 984 2491 μηθὲν
997 2443 1082 2480 ibid.
1097 2444 1192 2482 med.
1209 2444 1303 2484 Item
1317 2447 1364 2484 de

110 2497 237 2537 Coelo
249 2497 342 2543 L.1,
355 2509 390 2535 c.
411 2511 426 2549 5
448 2497 543 2535 med.
556 2496 721 2547 διαφέρει
737 2495 781 2535 Se
793 2510 843 2549 ’γε
858 2492 976 2541 οὐδὲν,
998 2495 1038 2534 δε
1055 2494 1105 2535 fic
1125 2509 1312 2549 perpetuo
1325 2502 1362 2537 in

109 2550 179 2593 hac
195 2549 317 2604 phrasi
331 2551 532 2606 aliquoties
548 2551 704 2604 repetita
725 2562 757 2590 c.
772 2550 818 2596 6,
832 2548 871 2589 δι
887 2549 928 2588 in
941 2549 1101 2642 Anglys.
1115 2563 1274 2603 quoque
1290 2551 1366 2591 sae-

1051 2615 1071 2643 e
1100 2617 1121 2641 2
