1956 3444
355 208 1122 261 INHERCULEM.¹
1275 219 1368 279 573‘

153 300 227 341 iad.
241 301 265 340 l.
285 312 344 352 ις.
362 299 442 340 Τοῖς
460 302 539 355 γὰρ
560 300 710 354 λάλοις)
732 300 813 341 Τοῖς
829 304 909 356 γὰρ
929 302 1101 342 λάλοισιν
1126 300 1170 353 ἐξ
1190 298 1299 354 &upon
1323 302 1366 342 Ἡ

97 365 171 407 γλ.
187 356 263 394 &c.
279 354 441 394 casaub.
466 356 511 394 ad
523 355 720 408 Theophr.
735 354 850 395 Char.
871 370 958 408 203.
972 356 1130 395 SOLAN.
1153 355 1279 396 Facile
1292 355 1368 396 suis

97 408 260 463 pedibus
273 407 448 448 restitues
461 409 678 448 laborantes
690 408 912 457 versiculos,
926 409 953 448 si
967 410 1016 448 ita
1028 410 1130 461 legas
1142 430 1185 438 —
1196 409 1274 449 τοῖς
1286 412 1368 463 γὰρ

98 461 272 501 λάλοισιν
286 461 328 514 ἐξ
345 463 455 514 ἄκρου
469 462 509 500 ‘H
525 461 695 516 ’γλῶττα
710 460 829 502 πᾶσιν
848 462 931 501 ἐστὶ
943 464 1215 516 τετρυπημένη.
1236 463 1368 504 GESN.

151 518 224 556 ead.
240 516 265 555 l.
284 517 341 555 16.
358 516 396 555 ‘H
412 516 583 569 γλῶττα
595 536 639 545 --
650 517 933 569 τετρυπημένη)
950 514 1128 557 Senarius
1147 530 1235 557 cum
1255 517 1367 557 dimi-

95 568 166 610 dio
176 598 192 618 ,
211 568 262 610 fic
279 568 378 610 forte
401 570 603 623 legendus:

398 624 481 663 Τοῖς
516 623 645 663 λάλοις

397 679 470 728 Γᾶς
490 677 532 728 ἐξ
556 678 670 729 ἄκρου

395 729 437 769 ‘H
452 730 619 784 ’γλῶσσα
634 729 756 771 πᾶσιν
775 730 860 771 ἐστι
873 731 1152 783 τετρυπημένη.
1167 731 1343 775 GUYET.'

151 784 246 838 Pag.
264 783 347 837 316.
364 785 388 823 l.
404 786 440 824 6.
460 784 647 837 Παιρόὃου)
670 784 787 824 Conf.
809 784 918 836 supra
940 785 1055 825 Alex,
1080 798 1114 825 c.
1134 786 1207 835 48,
1227 785 1369 828 sesom-

98 837 244 890 μοῦντει
254 838 430 890 πάροὲον.
442 838 600 878 δοιΑΝ.
613 837 779 890 Πάροὲον
792 839 905 877 etiam
916 838 990 878 effe
1000 839 1144 889 aditum,
1156 841 1231 880 vid.
1246 840 1366 882 Diod.

98 893 174 934 Sic.
186 893 263 942 111,
284 906 316 932 c.
333 906 384 932 20
398 921 411 939 ,
436 894 477 933 δι
501 891 585 939 XI,
605 905 639 932 c.
658 905 702 930 12
723 893 937 944 pr.R1-:1·rz.

154 950 227 986 ead.
241 948 264 985 l.
284 961 342 999 13.
356 943 603 998 Ἐπιπλίιξει)
619 946 711 985 Non
725 944 841 985 ausim
857 947 1038 985 damnare
1051 946 1114 986 hic
1125 945 1297 988 futurum
1314 949 1369 988 in-

98 1001 278 1042 dicativi:
295 999 356 1039 sed
370 1000 504 1039 melius
518 1000 697 1039 cohaeret
711 1012 799 1039 cum
814 999 1074 1051 superioribus
1085 1030 1096 1049 ,
1112 1001 1152 1040 δι
1167 1003 1292 1042 verbo
1305 1002 1370 1041 0⁰6-

101 1053 217 1107 ξαιμι
230 1085 241 1101 ,
262 1054 425 1093 aoristus
437 1054 605 1107 optativi
619 1050 847 1104 ἑπισιλίιξοιι.
861 1053 1004 1093 Versus
1014 1067 1061 1093 ex
1079 1055 1119 1094 11.
1135 1061 1188 1101 Θ,
1204 1069 1251 1095 ιο
1258 1071 1273 1108 3
1291 1055 1367 1109 seq.

95 1108 263 1149 laudasse
276 1108 427 1147 videtur
449 1121 497 1147 ex
512 1107 718 1146 memoria:
736 1108 874 1160 prioris
887 1108 988 1146 enim
1005 1108 1276 1148 hemistichium
1299 1123 1370 1161 po.

99 1163 237 1202 sterius
260 1162 362 1214 apud
385 1162 605 1201 Homerum
628 1162 680 1199 ita
700 1159 737 1201 se
759 1161 896 1207 habet,
915 1165 1094 1214 χαλεπὸν
1116 1161 1164 1201 ἓέ
1179 1177 1222 1201 σε
1247 1163 1370 1216 ’γῆρας

99 1216 246 1267 ὀπάζει.
262 1215 363 1256 Usus
384 1215 465 1255 sum
481 1215 619 1255 horum
643 1214 922 1255 versiculorum
944 1216 1118 1255 versione
1133 1215 1370 1268 Obsopoeia.

97 1282 150 1310 na
161 1299 172 1318 ,
192 1283 269 1323 qua
282 1270 478 1309 meliorem
501 1282 523 1307 a
539 1281 600 1308 me
617 1269 696 1307 dari
712 1268 817 1321 poffe
831 1268 1087 1321 desperabam.
1103 1269 1229 1310 Gesn.

156 1326 229 1363 ead.
246 1325 273 1362 l.
292 1336 350 1371 14.
369 1324 422 1363 Σὴ
435 1323 479 1362 Σὲ
492 1322 552 1369 βίη
569 1324 729 1362 λέλυται
747 1322 842 1376 ἃς.)
856 1323 975 1362 Hom.
993 1323 1035 1361 ll.
1049 1329 1096 1369 Θ,
1113 1324 1372 1376 103.SOLAN3

154 1379 229 1417 ead.
245 1378 269 1416 l.
290 1390 347 1428 17.
360 1376 416 1416 Ἐς
429 1375 517 1416 τοὺς
532 1375 677 1428 πόθοις)
691 1376 745 1414 Ἐς
763 1379 840 1416 τὰς
860 1378 997 1415 πολιὰς
1014 1378 1238 1417 emendabat
1250 1378 1296 1418 cl.
1318 1379 1369 1419 B.

98 1431 148 1472 de
161 1432 272 1472 Ballu
282 1461 294 1479 ,
321 1431 510 1470 vertendo
519 1460 532 1476 ,
550 1444 639 1481 pour
650 1430 766 1468 railler
780 1445 849 1469 mes
861 1431 1011 1469 cheveux
1022 1430 1150 1469 blancs.

155 1486 249 1538 Pag.
268 1498 354 1538 317.
371 1486 395 1523 l.
412 1500 443 1537 5.
470 1483 623 1523 Εἰσιὲών
640 1483 710 1536 με)
732 1483 796 1522 An
822 1482 968 1524 εἰσιδών
982 1498 1054 1533 μου
1078 1481 1282 1525 §voveam
1299 1486 1370 1538 γέ.

99 1554 206 1581 νειον.
221 1538 298 1578 Vel
313 1538 363 1577 slc
380 1538 529 1591 potius,
549 1536 694 1576 εἰσιὲών
706 1551 758 1587 με
774 1533 992 1585 ὑποπόλιον,
1012 1538 1061 1576 ita
1082 1549 1125 1576 ut
1146 1541 1190 1576 ‘rb
1211 1540 1370 1592 γένειον,

100 1594 208 1646 quod
229 1591 411 1646 glossema
437 1593 610 1638 videtur,
634 1591 819 1630 eiiciatur.
838 1590 910 1630 Sed
940 1591 1088 1643 ἐπέχω.
1112 1591 1241 1631 Leffio
1265 1605 1369 1633 certe

100 1647 263 1700 vulgata
281 1658 359 1685 non
379 1646 514 1699 placet.
536 1645 704 1685 GUYET.
729 1644 767 1684 Si
791 1647 835 1683 τὸ
856 1646 997 1698 γένειον
1019 1645 1219 1697 legeretur,
1241 1645 1368 1686 forsan

98 1714 181 1741 non
199 1699 398 1753 quaefiffet
415 1700 668 1739 mutationem
685 1697 883 1749 Guyetus,
898 1699 1046 1749 planior
1060 1699 1158 1738 enim
1176 1699 1277 1739 foret
1293 1699 1370 1740 sen·

102 1755 221 1794 tentia
234 1784 246 1803 ,
264 1756 371 1793 now&
384 1753 715 1806 intelligi.Verum
732 1764 829 1791 anne
844 1753 929 1792 eod.
943 1753 1060 1791 modo
1077 1753 1247 1792 construi
1261 1766 1371 1806 poteo

101 1809 156 1848 rit
170 1807 322 1848 absente
347 1806 539 1847 articulo?
561 1818 677 1859 quem
695 1818 822 1846 tamen
845 1805 952 1846 facile
975 1806 1234 1854 admitterem,
1256 1808 1282 1847 si
1306 1809 1370 1848 ali.

100 1862 196 1904 cubi
218 1862 445 1901 invenirem.
468 1861 613 1900 Rm‘rz.

159 1918 234 1955 ead.
248 1916 273 1955 l.
286 1916 322 1954 6.
335 1913 635 1966 Χρυσοφοιέννων)
662 1913 838 1953 Senarius
857 1926 906 1953 ex
927 1913 1175 1954 Anacreonte
1199 1926 1265 1954 aut
1289 1915 1368 1955 alio

103 1971 272 2023 quodam
294 1972 425 2022 poeta.
450 1968 577 2020 Χρυσῷ
597 1967 761 2017 ozam&
787 1968 816 2007 εἰ
837 1968 1062 2013 βεβούληται
1079 1967 1231 2020 πτερῶν.
1249 1967 1319 2007 Sed
1346 1982 1369 2008 a

105 2024 278 2064 Luciano
291 2023 543 2076 interpolatus
556 2023 716 2061 videtur.
732 2022 901 2062 Gmcm.
922 2023 1178 2061 Anacreontis
1192 2022 1264 2062 effe
1285 2022 1371 2062 satis

106 2077 268 2124 indicat,
290 2090 381 2117 cum
405 2077 545 2117 Teium
567 2079 721 2129 po'e'tam
750 2088 888 2121 vocat,
915 2075 975 2113 sed
1001 2075 1133 2114 nullibi
1158 2077 1256 2127 apud
1279 2089 1370 2115 eum

106 2131 205 2171 iniis
217 2162 231 2178 ,
255 2144 357 2184 quae
371 2130 567 2183 supersunt
580 2159 591 2176 ,
609 2130 769 2182 reperio.
784 2130 872 2168 Vid.
898 2128 986 2168 Eur.
1002 2129 1116 2181 (pag.
1137 2143 1212 2181 230
1233 2133 1279 2168 A.
1293 2130 1370 2182 Β.)

104 2185 224 2238 Hipp.
241 2199 255 2224 1
267 2184 342 2235 276
355 2215 366 2231 ,
384 2185 429 2224 de
446 2184 635 2237 Cupidine
655 2184 795 2223 dictum
812 2187 1040 2236 χρυσοφαιις.
1055 2183 1212 2221 SOLAN.
1228 2188 1371 2234 Χρυσο-

105 2239 274 2290 φοιέννων
291 2260 335 2268 -
348 2239 566 2293 πτερύγων)
586 2238 677 2277 Νοη
691 2249 871 2290 apparet,
889 2237 1092 2288 quomodo
1117 2237 1176 2276 hic
1201 2238 1307 2276 locus
1323 2237 1367 2275 fit

106 2294 294 2345 genitivo.
320 2292 433 2339 Fuit,
457 2292 572 2331 credo
587 2322 598 2337 ,
617 2292 718 2344 apud
740 2292 1026 2331 Anacreontem
1047 2290 1248 2343 πτερύγοιν
1271 2304 1371 2341 χρυ·

108 2347 328 2394 σοφαὲννοιψ
345 2345 394 2385 sic
417 2346 519 2385 enim
544 2345 742 2399 respondet
763 2346 915 2383 dativus
936 2345 1067 2382 dativo
1081 2347 1218 2383 ἀετοις.
1239 2343 1369 2384 ΟΕεΝ.

107 2399 203 2440 Non
229 2399 366 2452 legitur
391 2400 429 2438 in
453 2400 681 2439 carminibus
703 2398 981 2443 Anacreontis,
1003 2397 1064 2436 sed
1088 2398 1133 2435 ad
1158 2397 1369 2449 fragmenta

106 2453 188 2492 eius
204 2454 330 2502 retulit
349 2453 491 2493 dofflff.
514 2453 769 2492 Anacreontis
784 2452 908 2491 editor
924 2451 952 2489 1.
969 2450 1014 2490 C.
1030 2452 1075 2489 de
1089 2449 1224 2499 Pauw,
1243 2451 1371 2503 legen-

107 2506 281 2560 dumque
297 2506 502 2561 suspicatur
514 2507 800 2561 χρυσοφαέννοις
821 2505 1001 2559 πτέρυξι,
1023 2506 1129 2558 quod
1149 2505 1190 2545 ὃ(
1205 2517 1280 2558 ego
1294 2516 1372 2544 ma·
