1956 3444
645 255 743 314 4ae
839 249 1715 299 ANNOTATIONES

648 352 741 378 cum
754 338 898 378 servari
914 339 1017 379 suam
1032 340 1154 386 libris,
1171 341 1208 378 in
1221 351 1410 392 quantum
1429 340 1519 379 mihi
1541 340 1709 389 constat,
1731 343 1915 385 omnibus

647 393 850 432 lectionem
871 406 1064 445 cuperem,
1080 394 1122 434 δι
1138 393 1269 445 respici
1287 406 1459 446 putarem
1474 395 1520 433 ad
1533 394 1771 435 fortiffimum
1788 408 1910 437 unum

649 445 820 486 Socratis
840 446 981 486 factum
997 479 1008 496 ‚
1031 448 1138 487 cuius
1158 446 1284 487 nescio
1301 448 1503 500 quomodo
1522 448 1661 487 laudati
1678 451 1794 488 modo
1813 452 1914 491 illius

648 501 805 552 patroni
820 502 1052 540 mentionem
1069 499 1249 547 omisere,
1272 501 1432 541 relatum
1454 514 1475 540 a
1496 501 1676 542 Diodoro
1696 501 1824 542 Siculo
1844 505 1911 545 lib.

650 553 763 601 XIV,
779 568 814 605 p.
828 569 904 607 497
916 554 961 595 C.
985 567 1074 594 cum
1090 554 1190 593 solus
1203 568 1292 593 cum
1303 554 1453 594 duobus
1469 554 1716 595 familiaribus
1729 558 1913 605 accurrit]

652 608 700 644 ad
726 608 961 660 eripiendum
982 609 1137 661 triginta
1159 608 1351 660 Tyrannis
1368 609 1662 648 Theramenem.
1687 609 1915 651 Convenie-

650 660 746 700 bant
765 663 880 701 verba
907 664 942 701 ἐν
967 661 1016 711 τῇ
1036 662 1158 701 πόλει·
1181 674 1241 701 res
1258 663 1420 714 gerenda
1436 673 1515 701 erat
1536 674 1673 701 contra
1689 663 1913 715 praesidium

650 713 954 766 Spartanorum:
980 716 1140 768 intelligi
1160 727 1308 767 poterat
1323 714 1411 768 fuga
1432 717 1470 755 in
1482 715 1656 755 Taureae
1678 717 1913 768 palaestram.

649 768 722 807 Sed
737 769 884 809 rebellis
897 769 949 809 est
962 769 1114 815 Parnes,
1136 783 1249 820 quem
1265 780 1434 808 montem
1447 771 1545 809 intra
1561 770 1733 810 Athenas
1747 771 1913 823 conspici

651 822 816 873 potuiffe
829 855 841 869 ,
860 833 1016 876 apparet
1031 836 1078 862 ex
1092 822 1382 875 Aristotheo.
1398 837 1487 873 322,
1501 825 1542 863 &
1562 823 1631 870 his,
1644 837 1744 876 quae
1758 824 1915 876 copiose

651 875 797 915 Meurs.
810 877 894 916 Rel.
910 878 1023 916 Attic.
1036 889 1069 915 c.
1083 891 1118 928 9.
1135 876 1206 916 Sed
1219 887 1284 917 ΧΗ
1310 877 1476 916 millibus
1497 876 1667 928 paffuum
1683 879 1729 917 ab
1743 879 1839 919 urbe
1851 893 1914 919 re-

650 941 806 968 motum
832 930 939 970 fuifl‘e
957 931 1081 969 medio
1098 931 1197 969 inter
1223 930 1376 972 hanc&
1397 931 1550 970 Thebas
1576 930 1721 983 spatio,
1750 932 1914 972 ostendit

649 983 784 1023 Wass'e
800 984 836 1022 in
853 984 1022 1023 Addend.
1036 983 1080 1023 ad
1095 984 1276 1034 Thucyd.
1288 983 1357 1030 lV,
1376 998 1438 1037 97.
1463 984 1536 1023 Sed
1550 985 1648 1023 idem
1661 998 1817 1038 quoque
1832 986 1920 1026 Par·

650 1049 720 1075 nes
741 1048 848 1076 extra
869 1038 1145 1077 dubitationem
1170 1037 1247 1077 fere
1267 1038 1435 1077 collocat
1448 1037 1720 1080 Palmerianam
1738 1040 1918 1080 emenda-

650 1091 812 1130 tionem.
828 1092 925 1131 Nam
941 1091 1073 1131 diserte
1092 1091 1374 1143 Thucydidesl.
1391 1104 1424 1130 c.
1447 1091 1487 1130 δι
1506 1091 1726 1132 Plutarchus
1744 1094 1790 1132 de
1810 1093 1919 1134 Dae-

651 1157 758 1183 mon.
776 1144 881 1185 Socr.
896 1160 930 1196 p.
943 1159 993 1184 m.
1012 1158 1108 1198 1032
1123 1159 1177 1197 pr.
1193 1159 1280 1185 cum
1301 1145 1362 1184 illa
1377 1145 1421 1183 ad
1438 1145 1597 1184 Delium
1614 1159 1748 1186 contra
1761 1147 1918 1186 Theba-

649 1211 722 1237 nos
742 1211 867 1251 pugna
888 1199 1002 1252 fugae
1026 1199 1210 1250 πειρατὴν
1224 1198 1392 1249 Πάρνηθα
1413 1200 1644 1239 mentionem
1661 1201 1916 1254 coniungunt.

649 1249 721 1291 Sed
739 1253 830 1305 quid
846 1252 1025 1293 faciamus
1039 1252 1241 1305 palaestrae
1255 1252 1455 1293 Taureae?
1477 1252 1668 1293 ponamus
1683 1254 1782 1293 illam
1804 1256 1840 1293 in
1854 1255 1920 1295 via

648 1318 671 1344 e
686 1305 870 1346 Parnethe
882 1309 1052 1347 Athenas
1066 1308 1241 1346 ducente.
1256 1306 1366 1358 Quid
1382 1306 1487 1357 auspi
1501 1310 1754 1358 Σπαρτιάτης
1778 1309 1915 1348 viderit

649 1358 855 1408 Parasitus,
878 1361 913 1400 h.
926 1374 958 1400 e.
972 1361 1189 1407 Lucianus,
1209 1362 1276 1413 qui
1292 1359 1470 1413 eogitalle
1484 1361 1612 1413 potuit
1632 1363 1723 1401 duas
1739 1362 1830 1401 alias
1843 1376 1917 1416 pu,

650 1426 768 1465 gnas,
791 1415 931 1466 quibus
952 1413 1122 1454 interfuit
1145 1415 1330 1455 Socrates.
1358 1414 1486 1454 GtsN.

705 1472 778 1507 cad.
794 1470 816 1506 l.
834 1484 871 1517 4.
889 1469 1046 1520 Ταυρέου
1058 1470 1305 1520 παλαίστραν
1320 1468 1336 1519 )
1359 1468 1420 1507 De
1435 1481 1512 1521 qua
1527 1468 1603 1508 vid.
1625 1467 1718 1508 Plat.
1741 1469 1779 1508 in
1796 1468 1919 1510 Char-

649 1522 750 1561 mide
769 1521 892 1561 statim
911 1523 957 1561 ab
980 1523 1092 1562 initio
1115 1535 1187 1574 235
1213 1522 1259 1562 C.
1282 1522 1438 1562 SOLAN.

705 1579 779 1614 ead.
798 1577 821 1614 l.
839 1590 870 1627 5.
892 1575 992 1615 Πολὺ
1014 1579 1091 1629 γὰρ
1114 1575 1218 1624 αὐτῷ
1239 1576 1335 1628 διε.)
1354 1576 1418 1615 De
1440 1575 1624 1622 Socrate,
1639 1589 1725 1615 cum
1742 1588 1788 1616 ex
1805 1590 1919 1628 proe-

647 1628 704 1667 lio
731 1631 770 1668 in
800 1629 1020 1680 palaestram
1055 1629 1280 1683 aufugisset,
1307 1629 1402 1669 πολὺ
1435 1634 1514 1683 ’γὰρ
1549 1628 1653 1676 αὐτῷ
1679 1631 1918 1684 ἀστειότερον

648 1682 774 1722 ἐθάκει
791 1687 898 1733 μετὰ,
916 1685 1189 1735 μειρακυλλίων
1206 1684 1440 1735 καθεζόμενον
1456 1682 1636 1734 ὧραιζςιν,
1652 1683 1715 1723 καὶ
1730 1687 1920 1734 σοφίσμα-

647 1751 717 1775 τια
736 1737 962 1790 προβάλλειν
978 1739 1056 1777 τοῖς
1073 1739 1378 1791 ἐντυγχάνουσιν
1391 1768 1402 1782 ,
1424 1740 1442 1776 ἦ
1466 1738 1572 1788 &wulpi
1596 1739 1825 1788 Σπαρτιάτῃ
1841 1739 1920 1788 μέμ

646 1795 808 1843 xeo-3⁶41.
824 1792 945 1844 Quae
959 1792 1009 1831 sic
1027 1803 1243 1832 verterunt:
1259 1793 1330 1845 Ipfi
1343 1792 1446 1831 multo
1463 1792 1625 1831 urbanius
1640 1793 1828 1840 videbatur,
1843 1808 1918 1833 cum

645 1845 906 1897 adoleftentulis
921 1846 1066 1899 sedendo
1085 1846 1122 1898 se
1138 1862 1277 1891 ornare,
1301 1846 1335 1884 δ’
1346 1845 1461 1898 secum
1485 1846 1696 1897 verfimtibus
1715 1848 1920 1897 captiuncu-

645 1899 700 1937 las
721 1915 922 1952 proponere,
944 1915 1044 1952 quam
1067 1915 1142 1939 cum
1165 1903 1339 1952 Spartano
1363 1901 1437 1938 viro
1457 1913 1619 1952 pugnare.
1652 1901 1797 1938 Verum
1829 1901 1918 1953 quis

647 1965 822 2006 unquam
844 1954 990 1993 audivit
1003 1985 1013 2000 ‚
1037 1954 1232 1993 Socratem
1249 1953 1286 1992 se
1305 1952 1452 1993 ornasse
1465 1984 1477 1999 ‚
1495 1966 1560 1992 aut
1579 1966 1720 2006 pueros
1738 1956 1865 1993 ornari
1879 1956 1919 1994 in

643 2007 849 2057 palaestra,
871 2009 936 2046 ubi
949 2008 1038 2046 nudi
1057 2020 1200 2059 corpus
1218 2007 1473 2048 exercebant?
1499 2009 1594 2047 Vide
1611 2007 1828 2060 sequentem
1843 2009 1921 2047 dia·

644 2059 777 2113 logum
803 2062 848 2100 de
864 2061 1094 2113 gymnasiis,
1121 2061 1187 2100 ubi
1208 2061 1245 2100 se
1266 2075 1345 2101 non
1367 2060 1516 2101 ornaffe
1531 2063 1567 2101 in
1591 2062 1637 2100 iis
1651 2091 1660 2107 ,
1677 2060 1738 2100 sed
1759 2062 1921 2114 pulvere

643 2115 939 2154 commaculasse
959 2116 1146 2155 dicuntur.
1161 2116 1288 2160 Adde,
1309 2114 1476 2168 ὦραῖζειν
1492 2128 1570 2154 non
1586 2114 1793 2166 significare
1805 2115 1845 2167 se
1868 2131 1922 2154 or·

644 2184 744 2213 aare,
764 2180 806 2207 ut
823 2170 963 2208 volunt
985 2170 1217 2221 interpretes.
1235 2168 1378 2209 Omnia
1397 2169 1483 2208 sunt
1498 2168 1772 2208 absurdiffima.
1799 2169 1922 2222 Cogi-

643 2222 771 2261 tabam
799 2223 893 2262 olim
921 2236 993 2275 pro
1018 2220 1181 2273 ὦραῖζειν
1208 2222 1332 2273 legere
1356 2222 1505 2273 παίζειν
1521 2254 1530 2270 ,
1549 2223 1658 2261 ludere
1678 2238 1753 2261 cum
1775 2237 1915 2276 pueris,

642 2289 731 2315 nam
746 2276 797 2316 sic
810 2278 849 2317 &
872 2276 1128 2316 alibilocutus
1145 2276 1207 2315 est.
1225 2276 1296 2315 Sed
1315 2276 1442 2326 postea
1460 2278 1496 2314 in
1515 2275 1585 2315 Ms.
1607 2277 1834 2328 deprehendi
1849 2289 1920 2316 ve·

642 2343 723 2369 ram
740 2329 967 2382 scripturam
980 2361 992 2378 ‚
1009 2331 1046 2369 in
1060 2343 1140 2381 quo
1155 2331 1290 2382 legitur
1307 2330 1469 2381 αορίζειν·
1493 2329 1552 2368 sed
1570 2329 1806 2371 scribendum
1825 2330 1920 2381 ὀαρί-

641 2385 732 2434 ζειν,
754 2387 890 2435 garrire.
921 2384 984 2423 Est
1007 2385 1046 2422 in
1072 2384 1148 2423 hoc
1171 2385 1295 2422 verbo
1314 2385 1483 2424 aculeata
1508 2383 1650 2436 figura,
1674 2397 1751 2437 qua
1769 2383 1918 2424 Socrati

641 2438 854 2487 exprobrat
875 2438 1032 2489 oblique
1054 2438 1350 2489 παιδεραστίαν.
1364 2438 1462 2477 Nam
1481 2439 1635 2487 ὀαριζειν
1657 2438 1811 2491 proprie
1826 2437 1921 2477 dici-

641 2501 707 2528 tur
725 2491 770 2530 de
789 2492 987 2543 colloquio
1004 2493 1208 2531 amatorio.
1232 2493 1429 2531 Homerus
1446 2491 1554 2530 Iliad.
1578 2497 1601 2529 Z
1619 2505 1627 2530 :
1651 2492 1727 2530 εὑτ’
1741 2489 1797 2543 ἄρ’
1810 2490 1923 2540 ἔμελ.

642 2555 687 2586 λε
703 2544 892 2597 ΣτρέψαΨ
907 2546 948 2588 ἐκ
967 2547 1090 2599 χώρης
1103 2545 1151 2588 ὅθι
1169 2543 1191 2598 ᾗ
1205 2543 1324 2599 ὀάριζε
1336 2545 1502 2601 γυναικί·
1521 2548 1658 2603 quando
1673 2545 1743 2585 iam
1762 2555 1834 2585 erat
1851 2544 1923 2594 Οἱς
