1956 3444
553 239 641 301 558
753 233 1632 287 ANNOTATIONES

604 327 677 364 cad.
694 325 717 364 l.
735 339 768 364 2.
785 322 836 365 Οὗ
860 328 1105 380 μηχανικδς)
1137 327 1258 381 Atqui
1285 328 1554 369 Mechanicum
1572 330 1664 369 hinc
1682 329 1823 380 probat

551 378 743 431 Aristoph.
758 379 992 420 Scholiai'tes.
1004 381 1075 420 Sed
1096 381 1170 421 hoc
1189 382 1498 431 vultLucianus‚
1512 396 1591 423 non
1613 397 1697 423 eam
1712 383 1822 424 fuifl'e

551 433 705 472 Thaleti
733 445 875 479 artem,
901 435 961 474 sed
989 435 1117 474 virum
1145 435 1367 475 industrium
1395 437 1433 476 ὃ(
1457 436 1654 489 sagacem,
1679 438 1824 490 ingenii

550 486 728 526 felicitate
743 488 779 525 id
793 488 1002 527 aslecutum
1015 520 1026 537 ,
1042 490 1148 541 quod
1172 502 1304 528 earum
1332 503 1462 529 rerum
1481 490 1646 531 artifices
1664 504 1744 531 non
1767 493 1828 531 vi-

550 541 695 580 derant.
710 541 849 580 Narrat
864 543 977 580 etiam
991 543 1227 582 Herodotus.
1240 543 1398 583 SOLAN.

609 597 682 634 ead,
698 595 719 632 l.
736 608 772 643 7.
785 594 962 649 Ἱππίου)
981 597 1158 636 Nemone
1173 598 1218 636 de
1237 598 1310 636 hoc
1331 598 1562 650 quidquam?
1583 597 1698 638 Conf.
1712 597 1827 640 Voff.

554 649 601 687 de
622 649 808 687 Mathem.
824 648 1006 689 Ceterum
1023 663 1140 697 cave,
1163 651 1265 690 hunc
1280 664 1366 690 cum
1386 651 1554 691 Platonis
1572 653 1716 705 Hippia
1729 665 1827 692 con-

553 702 710 749 fundas3
736 703 841 754 quod
870 705 990 743 miror
1013 717 1035 742 a
1056 705 1146 743 viro
1171 705 1383 745 doctissimo
1402 705 1543 745 saelum
1568 707 1608 744 in
1628 706 1824 759 Catalogo

552 756 885 809 Philosophorum.
902 758 977 796 Hic
993 758 1091 796 enim
1109 759 1265 797 Liiciani
1283 771 1409 799 aetate
1424 760 1520 799 vixit
1533 790 1544 808 ‚
1559 760 1618 799 uti
1641 760 1715 801 hoc
1739 759 1825 813 ipso

553 811 593 850 in
606 812 696 850 loco
713 811 819 850 vides
832 841 844 856 ,
864 811 933 850 τοῦ
947 810 1027 849 καθ’
1044 809 1154 860 filiis.
1172 812 1329 852 SOLAN.

610 867 684 903 ead.
701 865 724 903 l.
744 878 801 903 12.
821 861 897 903 Oui:
912 865 947 904 ἐν
965 866 1165 906 τοιαύταις
1181 889 1225 896 -
1241 866 1546 920 συνισταμένου)
1569 867 1706 922 Spuria
1729 867 1828 908 haec

556 918 736 959 videntur
750 919 789 957 δε
801 918 960 957 insititia.
975 918 1144 959 GUYET.
1568 939 1577 949 ⁴

608 973 687 1011 ibid.
699 972 860 1025 ’Ὑποσχ
864 973 1006 1025 §ceo-12¹)
1021 973 1200 1025 Repetiit‚
1212 984 1324 1026 puto,
1338 975 1513 1014 librarius
1527 975 1745 1028 improvide
1756 990 1828 1017 vo·

557 1040 640 1066 cem
654 1056 666 1072 ,
687 1040 786 1079 quae
812 1026 929 1078 paulo
953 1039 1040 1066 ante
1059 1026 1243 1067 affuerat:
1278 1029 1559 1081 legendumque
1581 1028 1828 1079 ὑποθέσεσιν,

557 1093 601 1120 ut
621 1093 699 1119 non
717 1082 766 1119 ita
787 1081 910 1119 multo
927 1081 1036 1133 post,
1058 1081 1155 1121 κοινὴ
1169 1081 1238 1131 μὲν
1261 1084 1340 1136 γὰρ
1358 1081 1375 1123 ἦ
1396 1082 1582 1123 ὑπόθεσις.
1598 1083 1658 1123 Est
1683 1085 1828 1137 duplex

559 1148 681 1188 genus
696 1133 899 1174 artificum.
915 1135 1013 1181 Alii,
1035 1136 1076 1174 &
1092 1137 1214 1174 maior
1231 1138 1382 1188 quidem
1401 1150 1502 1190 pars,
1516 1137 1560 1175 ad
1575 1138 1830 1177 imitationem

561 1200 644 1228 tota
665 1187 872 1235 conversa,
888 1202 987 1240 quae
1008 1190 1055 1227 ab
1078 1190 1162 1228 aliis
1183 1190 1378 1230 elaborata
1401 1191 1512 1237 sunt,
1533 1205 1632 1243 quae
1652 1192 1830 1244 magister

557 1242 743 1291 ostendit,
763 1256 808 1282 ea
830 1242 916 1281 satis
942 1241 1099 1282 feliciter
1122 1244 1334 1283 imitatione
1353 1244 1625 1297 assequuntur,
1649 1244 1710 1284 sed
1734 1245 1831 1286 nihil

562 1298 658 1337 novi
674 1296 742 1349 ipsi
757 1297 979 1335 inveniunt:
1004 1297 1156 1350 quoties
1176 1311 1254 1337 non
1273 1298 1325 1338 est
1338 1329 1351 1344 ,
1370 1300 1476 1351 quod
1503 1299 1725 1347 imitentur;
1744 1309 1832 1339 tan-

558 1365 676 1404 quam
700 1350 944 1402 deprehensi,
965 1351 1132 1391 haerent.
1148 1351 1254 1391 Talis
1278 1365 1358 1392 non
1381 1352 1434 1392 est
1458 1353 1646 1406 Hippias:
1667 1366 1745 1393 non
1767 1366 1833 1393 ex-

562 1405 702 1459 spectat
720 1405 896 1457 exempla
919 1405 1062 1444 aliena:
1081 1405 1156 1457 ipse
1176 1405 1243 1445 sibi
1261 1407 1301 1445 δι
1317 1407 1396 1446 aliis
1411 1408 1630 1460 exemplum
1649 1406 1713 1446 est.
1736 1408 1830 1448 Non

563 1472 711 1499 tantum
746 1459 974 1511 designatam
1005 1459 1185 1499 omnibus
1217 1460 1325 1499 lineis
1354 1460 1516 1513 figuram
1549 1460 1755 1501 describere
1787 1462 1833 1501 δε

561 1513 764 1553 transferre
788 1513 923 1565 puerili
947 1513 1123 1552 industria
1141 1513 1286 1566 potest,
1304 1514 1416 1553 sedin
1432 1516 1517 1553 data
1534 1528 1766 1567 quacunque
1789 1515 1835 1554 li-

565 1581 654 1614 nea,
677 1580 725 1605 ex
754 1567 964 1619 praeceptis
985 1568 1099 1613 artis,
1122 1569 1381 1621 quodcunque
1406 1568 1638 1621 triangulum
1666 1569 1836 1622 postula*->

564 1634 649 1662 tum
664 1620 802 1666 fuerit,
821 1620 1051 1660 construere.
1074 1621 1204 1661 GEs-N.

619 1679 692 1716 ead.
709 1676 733 1714 l.
754 1690 809 1728 ¹3·
825 1672 1080 1727 Ι-ἰύτὺχησαν)
1098 1675 1173 1714 Etsi
1184 1675 1212 1714 F
1215 1675 1428 1716 lorentinae
1445 1675 1669 1729 scripturam
1685 1677 1836 1730 probo,

563 1730 672 1782 quod
697 1742 945 1781 augmentum
976 1728 1183 1781 saepissime
1206 1731 1331 1768 omitti
1356 1730 1496 1776 soleat,
1524 1730 1676 1770 secutus
1706 1744 1837 1771 tamen

565 1785 645 1823 sum
671 1797 874 1822 numerum
902 1784 1086 1822 maiorem
1110 1784 1257 1822 illarum
1273 1814 1284 1830 ‚
1303 1798 1402 1836 quae
1426 1781 1544 1824 ηὗτ-
1573 1786 1725 1825 habent.
1743 1787 1839 1825 vid.

562 1838 679 1890 supra
693 1837 788 1876 dieta
802 1838 847 1876 ad
861 1837 974 1876 Alex.
990 1851 1024 1877 c.
1045 1852 1105 1877 22.
1125 1837 1200 1877 Pro
1218 1838 1331 1890 Imag.
1351 1852 1413 1890 c.3
1434 1839 1474 1878 δε
1493 1853 1524 1878 c.
1542 1853 1589 1891 19
1605 1839 1631 1879 f.
1646 1840 1711 1878 ubi
1730 1838 1838 1878 &380-

567 1908 709 1941 κιμουιι.
725 1892 821 1930 Item
845 1893 980 1930 Amor.
1003 1905 1037 1931 c.
1063 1893 1087 1931 6
1106 1906 1161 1944 pr.
1184 1893 1251 1930 ubi
1272 1892 1312 1931 &
1330 1890 1577 1944 εὐτρέπιστο,
1598 1906 1679 1932 non
1694 1889 1836 1934 ηὖτ-.

568 1947 676 1986 Adde
691 1945 789 1985 (liela
813 1947 858 1984 ad
881 1946 981 1985 Gall.
1004 1959 1087 1998 cap.
1110 1961 1127 1999 3
1148 1945 1172 1984 f.
1192 1946 1246 1984 Ita
1263 1941 1448 2000 εὐλόγως
1465 1948 1500 1985 in
1526 1947 1674 2000 Evang.
1699 1947 1840 1988 Matth.

569 2000 680 2047 XW,
700 2014 759 2052 19.
789 2000 832 2038 Et
859 2000 950 2039 Luc.
973 1999 1031 2047 ΙΙ,
1061 2000 1130 2047 28,
1156 2012 1270 2053 atque
1286 2001 1427 2040 ubivis.
1451 1996 1656 2053 Εὗφρέινθη,
1674 2001 1762 2041 Aa.
1780 2001 1839 2048 ΙΙ,

566 2056 638 2103 26,
654 2068 698 2094 ac
712 2054 853 2106 paffim.
871 2054 1011 2093 RErrz.

617 2110 696 2147 ibici.
713 2111 822 2148 Κατὰ
840 2108 903 2160 ἑὲ)
921 2107 1112 2147 Mathesin
1135 2109 1293 2148 minime
1306 2109 1450 2149 cultam
1471 2107 1578 2148 fuiffe
1599 2121 1619 2147 a
1638 2108 1811 2148 L-uciano
1823 2137 1836 2157 ,

565 2163 653 2201 alibi
669 2164 884 2202 docuimus.
898 2164 947 2201 V.
970 2167 1070 2201 Hm.
1090 2176 1121 2202 c.
1146 2177 1178 2212 5,
1193 2163 1234 2202 δε
1247 2163 1343 2214 ‘Epa
1358 2176 1391 2203 c.
1410 2177 1473 2210 74.
1490 2164 1564 2202 Hic
1583 2173 1712 2201 autem
1730 2164 1838 2202 vides

567 2217 799 2269 &iniquum
816 2230 942 2256 rerum
956 2229 1086 2255 earum
1102 2217 1381 2256 aestimatorem
1403 2218 1439 2255 &
1457 2218 1672 2265 imperitum
1685 2246 1695 2263 ,
1713 2229 1754 2255 ut
1770 2218 1837 2269 qui

569 2272 735 2324 primum
750 2271 925 2310 omnium
940 2271 1175 2323 geometriae
1190 2272 1387 2321 problema
1399 2302 1408 2318 ‚
1422 2271 1527 2323 quasi
1541 2269 1732 2309 summum
1746 2272 1840 2310 artis

570 2325 745 2371 culmen,
762 2323 915 2364 afferat:
935 2323 1039 2377 quasi
1062 2327 1147 2374 quis
1168 2325 1286 2371 dicat,
1302 2325 1493 2364 literarum
1513 2326 1626 2364 decus
1645 2323 1838 2364 summum

573 2382 611 2418 in
628 2393 676 2418 eo
694 2379 851 2425 versari,
868 2392 910 2418 ut
929 2380 1013 2430 quis
1027 2379 1256 2418 elementum
1272 2380 1436 2431 primum
1453 2392 1473 2418 a
1500 2379 1586 2417 stite
1601 2390 1753 2430 pingat,
1770 2378 1840 2417 nisi

572 2433 697 2471 forsan
712 2434 906 2472 Scholiiim
927 2432 1102 2471 insulsum
1118 2434 1241 2472 textui
1255 2433 1411 2471 Luciani
1436 2431 1619 2471 intrusum
1637 2434 1704 2471 est.
1725 2432 1842 2471 Certe

574 2487 640 2526 nisi
657 2487 808 2533 aliunde
829 2487 1017 2526 constaret
1038 2487 1137 2525 hisce
1162 2488 1196 2524 in
1223 2487 1335 2525 rebus
1357 2487 1510 2525 Luciani
1533 2487 1570 2525 δι
1593 2486 1782 2538 imperitia
1803 2485 1845 2524 δι

570 2541 748 2595 iniquitas
760 2573 773 2588 ,
788 2552 830 2580 ut
845 2541 893 2580 ab
910 2554 958 2581 eo
977 2542 1069 2581 haec
1091 2539 1264 2593 profeciat
1278 2542 1468 2581 crederem
1480 2570 1491 2588 ,
1513 2553 1534 2579 a
1551 2551 1612 2580 me
1637 2541 1843 2593 impetrare
