1956 3444
314 260 396 309 IN
443 263 538 309 DE
591 257 1061 313 G'YMNASIIS.
1225 265 1323 328 481

73 399 76 401 Α
116 346 206 402 Pag.
227 350 310 404 169.
325 353 347 391 l.
363 353 397 391 6.
414 351 550 404 Πῖλον)
576 351 687 391 Haud
710 350 780 391 suo
801 352 892 392 loco
909 365 990 391 vox
1006 349 1140 391 οἴκοθεν
1161 350 1226 393 fita
1245 354 1298 392 est
1315 367 1329 402 3

59 404 120 444 sed
141 405 320 444 familiare
336 406 410 445 hoc
426 407 614 445 Luciano.
640 406 703 444 De
723 406 826 457 pileo
847 408 953 457 quod
977 406 1111 454 habet,
1135 417 1328 447 mutatum

62 459 252 511 deinceps.
282 459 569 498 Atheniensium
599 471 745 498 morem
769 472 817 498 ex
842 458 1067 498 Philostrato
1090 459 1218 500 discas.
1245 462 1329 501 Vit.

60 512 177 564 Soph.
205 527 239 563 p.
261 527 346 565 572.
361 514 518 552 SOLAN.
543 513 632 552 Non
646 513 742 552 adeo
756 513 918 551 alienum
941 513 994 552 est
1015 514 1169 558 οὶκοθεν,
1188 513 1217 551 fi
1236 527 1328 554 cum

65 565 107 604 L.
126 565 205 605 Bos
218 566 263 605 de
279 566 401 620 Ellips.
418 581 452 618 p.
470 568 560 612 216,
578 567 684 606 verb.
697 564 879 611 Ἀπιένοιι,
892 565 1126 618 exposueris,
1144 567 1229 605 eius
1246 582 1329 619 par·-

60 619 234 669 'ticipium
248 619 505 659 subaudiendo
516 650 529 666 ,
548 620 571 658 i.
587 633 618 658 e.
633 619 762 659 οἴκοθεν
784 620 949 669 ἀπιόντι,
973 620 1120 672 aliaque
1135 632 1216 659 non
1229 621 1329 661 absi-2

61 673 163 712 milia
183 673 231 711 ab
252 686 301 712 eo
316 674 474 712 addufila
488 674 705 713 contuleris.
732 673 878 713 REITZ.

116 729 188 765 ead.
205 728 228 764 l.
246 727 466 779 8.‘'Q⁷17r÷g>)
483 728 567 780 Ego
581 727 710 767 Pelleti
724 727 983 767 conieeiuram
998 726 1252 780 recipiendam
1269 739 1328 767 ar-

63 779 198 820 bitror.
220 780 363 820 REITz.

117 836 190 873 ead.
212 835 233 872 l.
255 849 289 887 9.
310 834 482 887 Ἀστέρος
500 856 544 864 ·=-
561 833 697 874 πάντα.
713 833 1045 888 καταφλέγοντος)
1075 832 1189 873 Canis
1207 833 1326 883 fidus,

61 900 165 939 quae
182 888 220 926 δε
235 888 423 934 canicula,
438 888 694 928 ardentissimo
707 889 852 928 aestatis
869 901 1041 940 tempore
1056 888 1328 934 exoritursso„

60 940 97 980 le
113 943 273 994 primam
291 952 434 994 partem
452 943 590 981 Leonis
605 954 872 994 percurrente,
896 944 962 992 qui
982 943 1060 980 dies
1079 956 1120 992 15
1139 953 1227 981 ante
1241 943 1328 982 Auo

60 995 158 1048 gusti
174 996 362 1035 Kalendas
376 996 439 1035 est.
453 996 542 1034 Plin.
557 997 597 1034 L.
616 996 674 1041 11,
696 1008 726 1034 c.
742 997 867 1044 473L.
884 995 1039 1040 XVIII,
1057 995 1117 1033 28.
1131 995 1279 1035 COGN.

116 1050 204 1102 Pag.
225 1062 307 1097 170.
319 1051 343 1088 I.
362 1064 391 1088 1.
408 1049 448 1088 Αἱ
463 1047 665 1102 ὑπαίθριοι)
678 1051 733 1089 Μ.
749 1052 788 1090 ὃ(
802 1050 882 1089 edd.
894 1062 1045 1095 omnes,
1057 1051 1226 1102 exceptis
1238 1050 1326 1090 Vere,

59 1115 162 1156 quae
175 1105 370 1142 omittunt.
401 1103 560 1143 SOLAN.

115 1162 188 1196 ead.
202 1158 225 1195 l.
247 1172 277 1209 5.
287 1154 415 1197 Ὅπως
425 1157 498 1209 μὴ)
512 1157 696 1204 subaudi,
712 1156 791 1209 ὅροι,
803 1157 825 1196 ἰ.
835 1169 867 1196 e.
880 1156 943 1209 ὅροι
952 1156 1051 1196 (ὅπως
1065 1156 1141 1195 διε.
1152 1156 1326 1197 GUYET.

60 1210 150 1251 Vid.
165 1212 211 1250 ad
220 1215 303 1261 Τιμ.
317 1211 375 1249 28.
386 1211 544 1251 SOLAN.
559 1211 631 1264 (At
645 1224 693 1250 ex
705 1211 888 1250 divifione
899 1211 1041 1250 Hemst.
1054 1211 1128 1250 iam
1143 1211 1195 1250 est
1210 1212 1225 1260 §
1243 1212 1326 1264 48.)

115 1268 188 1304 ead.
204 1265 226 1303 l.
238 1267 272 1304 6.
287 1265 505 1318 Προσέξεις)
525 1266 666 1311 Miror,
680 1264 925 1316 qui801anus
943 1264 1081 1311 noster,
1102 1263 1217 1304 facilis
1231 1267 1325 1305 alias

56 1319 108 1358 ad
134 1319 359 1358 mutandum
380 1329 632 1366 contextum,
654 1319 720 1358 ubi
734 1320 824 1371 quid
840 1319 973 1357 melius
995 1319 1134 1357 alicubi
1155 1320 1325 1368 invenit,

59 1374 122 1412 hic
136 1374 187 1411 nil
211 1374 377 1412 mutarit.
402 1373 485 1425 Ego
509 1373 682 1426 praefero
697 1373 875 1424 ’προσέξης
896 1386 944 1412 ex
958 1371 1027 1412 W.
1044 1372 1117 1411 Etsi
1138 1371 1191 1422 μὴ
1207 1373 1324 1412 τοῦτο

0 1444 1 1456 ¹
59 1425 228 1467 cronio-,⁵15
251 1427 352 1465 reeie
372 1428 524 1474 dicitur3
550 1439 676 1466 tamen
698 1427 735 1465 in
762 1426 946 1465 eiusmodi
971 1425 1109 1479 ellipsi,
1133 1438 1233 1478 quae
1258 1426 1323 1465 hic

61 1480 184 1520 subest
194 1509 205 1527 ‚
220 1481 400 1520 nimirum
412 1512 423 1528 ‚
443 1480 507 1532 ὅροι
521 1481 620 1520 ὅπως
630 1480 682 1531 μὴ
697 1480 892 1532 moa-egra
906 1479 1167 1518 subiunc‘rivus
1179 1479 1231 1518 est
1243 1493 1323 1519 me-

58 1535 145 1574 lior.
158 1534 202 1573 In
214 1535 316 1574 Tim.
331 1548 414 1586 cap.
427 1535 492 1584 48,
508 1536 569 1574 καὶ
585 1534 683 1574 ὅπως
696 1555 740 1563 -—
754 1535 904 1585 φυλάξῃ
918 1534 1031 1585 legas⁶
1044 1533 1156 1573 Iuvat
1169 1534 1320 1579 addere,

57 1589 153 1640 quia
170 1589 261 1628 haec
275 1588 388 1628 leelio
402 1588 628 1628 discutienda
639 1588 703 1633 est,
725 1589 886 1627 alterum
900 1589 1031 1626 locum
1047 1587 1192 1633 Solani,
1203 1599 1322 1639 quem

59 1644 107 1681 ad
120 1643 223 1682 Tim.
236 1643 434 1688 indicavit,
450 1642 522 1682 effe
541 1644 581 1682 in
596 1643 787 1681 Prometh.
800 1655 831 1682 c.
851 1657 883 1693 3.
907 1640 978 1680 Sed
991 1641 1083 1693 quia
1106 1641 1322 1680 Hemsterh„

61 1698 136 1735 alia
159 1696 340 1736 divisione
365 1697 532 1736 instituta
549 1709 730 1735 numeros
754 1697 792 1735 in
816 1696 919 1735 notis
941 1696 1071 1735 Solani
1093 1706 1219 1733 tamen
1240 1708 1323 1734 non

59 1751 239 1797 mutavit,
251 1751 338 1790 vide
352 1751 427 1788 iam
440 1750 632 1790 Prometh.
650 1750 665 1799 ἕ
686 1766 717 1801 ς,
736 1750 800 1789 ubi
812 1750 940 1788 rursus
954 1750 1016 1787 noel
1028 1748 1127 1787 ὅπως
1139 1762 1214 1797 μου
1228 1764 1324 1789 κοιτ-

63 1804 272 1857 αγωρήσᾈς.
296 1805 343 1844 Et
359 1804 409 1844 fic
423 1804 552 1856 Eurip.
565 1806 679 1856 quem
694 1804 862 1850 adducit,
883 1804 1011 1841 itidem
1024 1813 1113 1842 cum
1131 1801 1320 1841 subiunet.

60 1858 189 1898 Immo
201 1859 262 1898 vel
282 1858 436 1910 simplex
454 1857 507 1908 μὴ
528 1858 569 1897 δι
583 1853 691 1911 ὧςμὴ
705 1857 892 1896 subimet.
904 1858 1033 1909 iungi,
1056 1857 1142 1908 quis
1155 1857 1324 1896 dubitat?

59 1912 205 1952 Phalar.
222 1913 335 1964 Epist.
355 1913 419 1957 26,
437 1912 490 1962 μὴ
503 1912 698 1965 ἀγνοήσῃς.
720 1911 859 1950 Noster
873 1923 963 1950 mox
975 1924 1005 1949 c.
1026 1910 1069 1948 18
1086 1909 1111 1948 f.
1127 1904 1236 1959 ὦςμῑ)
1252 1926 1323 1949 πε-

60 1968 239 2017 ριπλέκῃς
252 1969 328 2007 &c.
349 1965 458 2017 Quia
481 1977 606 2005 tamen
617 1965 671 2015 μὴ
692 1962 858 2005 ποιήσεις
877 1965 956 2003 fine
970 1964 1070 2003 ’ὅπως
1091 1964 1191 2002 haud
1208 1963 1323 2003 infre-

20 2027 23 2028 ’
54 2033 205 2072 quens,
218 2021 323 2072 quod
338 2021 565 2072 probatione
578 2033 657 2058 non
670 2030 776 2071 eget,
797 2019 908 2058 etiam
924 2018 984 2058 hic
997 2017 1089 2056 nihil
1100 2029 1233 2064 muto,
1253 2016 1322 2057 nifi

57 2074 188 2127 plures
203 2074 325 2113 Cocld.
344 2075 537 2113 accedant.
560 2073 706 2112 Rmz.
811 2116 814 2119 ,

115 2130 188 2167 ead.
203 2128 226 2167 l.
246 2142 305 2181 13.
324 2123 442 2179 Ὅσοι)
465 2129 536 2167 W.
559 2127 599 2166 δι
613 2128 654 2167 L.
670 2127 713 2166 In
731 2123 891 2178 impress‘.
913 2125 1094 2165 omnibus
1112 2124 1200 2175 ὅσῳ,
1215 2125 1322 2177 quod

58 2181 148 2223 alibi
164 2182 315 2233 elegans
328 2181 403 2229 est3
424 2182 482 2220 hic
494 2193 620 2220 autem
644 2181 773 2220 locum
791 2180 928 2219 habere
940 2178 1044 2230 poffe
1061 2179 1149 2217 mihi
1168 2181 1323 2230 quidem

61 2248 142 2274 non
157 2236 329 2284 videtur3
342 2236 505 2287 ideoque
521 2236 642 2275 reieci.
659 2236 746 2274 Vid.
764 2244 843 2272 not.
857 2233 902 2272 ad
915 2239 1011 2271 ΦοιᾸ.
1023 2234 1060 2278 β,
1074 2246 1107 2271 c.
1118 2247 1151 2271 2.
1163 2233 1320 2272 SOLAN‚

58 2290 122 2328 Ne
143 2289 447 2342 mihiquisquam
466 2289 647 2335 obiiciat,
670 2288 754 2341 post
771 2288 843 2336 ὅσῳ
857 2287 1013 2340 intelligi
1033 2285 1192 2336 μᾶλλον,
1216 2285 1325 2340 quod

60 2343 180 2394 ipsum
197 2343 303 2393 saepe
318 2342 642 2391 commonstravi3
661 2344 701 2383 &
716 2342 766 2382 sic
781 2342 981 2393 vulgatum
998 2341 1093 2379 stare
1106 2339 1220 2392 poffe.
1239 2341 1323 2391 Ego

63 2397 126 2436 hic
146 2395 294 2447 μᾶλλον
318 2396 459 2435 locum·
473 2397 538 2435 vix
553 2397 691 2436 habere
717 2396 851 2440 video,
875 2407 946 2434 nec
966 2394 1039 2443 ’ὅσῳ
1053 2394 1149 2433 adeo
1163 2394 1326 2440 habere,

63 2464 145 2502 quo
169 2450 373 2498 reseratum
396 2463 561 2502 cumque
577 2463 670 2489 mox
690 2453 745 2489 τοι
769 2452 950 2501 μέγιστοι
970 2447 1161 2500 sequatur,
1187 2446 1259 2486 ὅσοι
1273 2459 1324 2485 eo

60 2507 237 2556 cupidius
255 2505 419 2557 arripui,
440 2504 546 2556 quod
557 2505 676 2544 tribus
689 2514 882 2557 praeterea
906 2501 1061 2542 testibus
1079 2500 1273 2540 firmatum
1287 2498 1326 2539 se

61 2559 145 2601 satis
169 2560 348 2597 vindicat.
373 2558 519 2597 Rmz.

169 2614 313 2653 Lucina,
339 2612 418 2651 Vol.
441 2610 523 2652 Vll.
1003 2608 1082 2649 Hh
