1956 3444
291 195 375 243 ΙΝ
406 194 1125 244 PHILOPSEUDEM.·
1234 208 1325 263 543‘

46 277 179 321 lunam
196 282 458 329 conciderent,
475 281 616 322 oculos
632 281 924 335 distorquentes,
939 284 980 323 δι
992 296 1037 323 os
1052 282 1185 336 spuma
1198 284 1329 337 imple-

48 335 92 381 ti,
101 346 226 375 tamen
238 336 414 388 erigeret,
423 335 610 388 sanosque
623 349 666 375 ac
679 337 851 388 integros
862 337 1082 384 dimitteret,
1091 350 1168 377 non
1186 351 1329 390 magna

48 390 225 429 mercede
238 390 343 429 malo
355 389 426 429 isto
441 390 633 429 liberatos.
658 389 717 429 Sic
733 390 835 429 enim
850 390 1033 442 suspicor,
1050 391 1084 430 id
1105 393 1236 444 potius
1251 394 1332 431 exi·

49 454 127 495 gua
143 444 319 482 mercede
332 442 441 483 fuisse
456 443 689 495 praestitum,
708 442 871 483 voluisse
885 443 1096 492 auctorem,
1116 459 1232 496 quam
1247 460 1330 486 ma-

4 494 5 501 ’
48 507 138 548 gna,
153 507 195 536 ut
209 497 330 549 vulgo
344 497 533 549 legiturin
552 497 734 545 Graecis3
758 506 874 550 atque
897 499 993 536 adeo
1009 498 1231 539 intercidisse
1248 499 1329 547 οὐκ,

48 550 156 603 quod
183 549 289 590 facile
308 563 357 589 ex
381 551 565 590 affinitate
588 551 745 590 ultimae
769 551 810 589 in
837 552 984 603 ἀρτίους
1006 551 1174 603 syllabae
1199 555 1329 605 potuit

4 604 5 609 ’
48 605 217 643 evenire.
234 604 453 657 Legendum
467 605 595 656 itaque
611 617 696 643 mea
709 602 904 649 sententia,
917 605 1150 656 ἀποπέμπει
1162 606 1329 658 ἀρτίους,

49 654 115 695 οὔκ
127 657 334 708 effluxit&
348 659 515 711 μεγάλῳ
531 657 775 709 ἀπαλλάξας
790 656 861 697 τῶν
877 657 1018 697 Σεινῶν.
1036 659 1140 699 IENS.
1160 660 1242 699 Ἐπὶ
1265 676 1330 711 με·

2 718 4 731 ⁴
51 710 134 760 cz&
149 711 335 766 μεγάλῳ)
358 711 468 751 Cave
484 711 691 764 quidquam
715 710 904 751 mutaffis:
928 713 1089 764 genuina
1112 714 1209 752 enim
1233 714 1330 756 haec

52 761 249 816 scriptura.
271 764 352 804 Nec
366 765 411 805 de
425 764 646 804 Christianis
658 764 807 804 labores
822 796 833 812 ,
854 765 921 818 qui
935 767 1042 816 gratis
1056 766 1242 807 miracula
1259 767 1330 808 sua

3 820 4 836 ¹
52 818 225 859 edebant.
245 818 306 858 De
322 819 402 858 aliis
418 818 586 863 consule,
599 818 625 857 fi
639 819 757 866 lubet,
772 818 885 870 Orig.
903 831 935 858 c.
954 818 1050 859 Cels.
1065 835 1099 872 p.
1117 834 1177 873 53,
1194 835 1232 866 2,
1244 835 1329 873 quo

50 872 90 911 in
104 872 195 912 loco
217 873 441 925 Aegyptios
459 872 603 912 videbis
617 872 769 925 &ipsos
787 873 873 911 talia
895 886 916 911 a
934 871 970 911 se
990 883 1138 926 patrata
1164 874 1327 915 iactasse.

51 926 212 966 SOLAN.
239 927 349 966 Haec
368 927 486 966 verba
502 925 668 973 faciunt,
692 938 734 965 ut
757 939 834 965 non
853 927 1028 972 credam,
1051 927 1096 966 de
1106 926 1329 969 Christiano

51 979 249 1020 Exorcista
267 979 479 1019 sermonem
496 979 581 1026 effe,
599 993 698 1032 quos
713 980 758 1018 de
773 979 941 1032 magistri
954 979 1010 1019 sui
1028 982 1230 1021 voluntate
1242 998 1332 1035 χά-

3 1074 4 1079 ,
52 1034 228 1087 plo-paona
243 1034 303 1073 illa
312 1033 376 1073 sua
391 1034 504 1074 etiam
520 1034 633 1086 gratis
641 1033 790 1079 dedisse,
802 1032 887 1072 satis
899 1033 1143 1074 constatznec
1153 1049 1330 1088 unquam

3 1082 4 1088 ¹
53 1087 206 1128 obiecta
219 1088 304 1135 illis,
323 1089 428 1141 quod
446 1087 573 1135 sciam,
589 1098 653 1127 aut
667 1086 818 1140 depulsa
833 1088 1005 1127 avaritia.
1023 1088 1166 1136 Video,
1181 1090 1272 1142 quid
1287 1091 1330 1131 in

0 1137 4 1181 1'
53 1152 221 1181 mentem
238 1143 386 1182 venerit
401 1140 547 1181 lensio:
570 1141 629 1180 sed
643 1154 722 1180 non
734 1140 851 1180 ausim
865 1142 901 1181 ei
920 1141 1097 1190 assentiri,
1109 1155 1199 1182 cum
1214 1157 1331 1197 prae«.

52 1194 178 1234 sertim
193 1195 269 1248 ipsa
286 1208 358 1235 nos
368 1194 508 1235 Christi
525 1195 562 1234 δι
579 1194 860 1247 Apostolorum
881 1194 1035 1235 historia
1056 1196 1214 1245 doceat,
1237 1197 1331 1237 fuis-i

3 1265 4 1269 ¹
52 1248 91 1289 se
111 1250 148 1288 in
164 1249 367 1289 Palaestina
379 1250 492 1289 etiam
511 1249 723 1289 Exorcistas
742 1261 820 1288 non
840 1248 1086 1289 Christianos,
1106 1250 1235 1290 GEsN.
1260 1251 1328 1293 De

50 1302 179 1356 phrasi
200 1305 347 1357 egimus
370 1302 482 1357 supra
502 1317 517 1342 1
540 1303 631 1342 Ver.
646 1301 744 1342 Hist.
757 1315 840 1355 cap.
857 1315 915 1355 ¹9.
935 1302 998 1342 De
1010 1316 1051 1343 re
1065 1303 1327 1345 haectantum

53 1358 179 1397 habeo
190 1357 400 1398 monenda:
419 1357 726 1397 emendationem
748 1356 874 1402 lenfii,
895 1354 961 1396 οὔκ
972 1357 1180 1405 inserentis,
1196 1358 1263 1398 ets1
1277 1360 1327 1399 de

55 1410 271 1452 Christiano
283 1410 407 1451 sermo
417 1423 494 1451 non
507 1409 632 1459 fuerit,
645 1410 817 1449 nondum
836 1410 1040 1463 improb03
1054 1412 1143 1464 quia
1155 1411 1225 1451 fin.
1238 1425 1326 1465 cap.

0 1501 2 1505 ,
52 1465 229 1519 proxime
242 1464 427 1518 praemiffi
442 1466 616 1512 miratur,
627 1477 781 1517 magum
798 1464 936 1516 exigua
950 1476 1120 1517 quatuor
1133 1467 1327 1506 minarum

4 1517 5 1522 ’
54 1520 228 1559 mercede
241 1520 327 1558 talia
340 1518 465 1558 facere
475 1532 487 1566 3
508 1519 623 1571 idque
640 1531 751 1558 novo
765 1518 842 1557 iam
855 1519 1036 1572 exemplo
1048 1518 1326 1560 confirmatum

53 1573 110 1614 ire
127 1572 270 1614 censeri
289 1573 424 1626 potest.
449 1572 592 1612 RfixTz.
1298 1586 1304 1590 ⁷

4 1632 5 1637 ’
108 1630 181 1667 ead.
193 1628 218 1667 l.
238 1622 407 1679 13.“Oeev
421 1625 464 1665 ἀν
479 1622 612 1678 αὐτὸς)
630 1624 794 1664 Patriam
809 1624 1131 1679 daemonisipfius
1149 1626 1323 1679 linguam

53 1680 302 1734 intelligit.V.
318 1671 466 1720 Bellum
483 1680 528 1718 de
540 1693 605 1731 op.
619 1680 862 1725 daemonum,
877 1680 922 1718 de
944 1680 1132 1719 daemone
1144 1681 1326 1723 Armen'u

4 1782 5 1789 ἵ
55 1748 101 1775 ce
113 1736 308 1788 loquente.
322 1746 377 1773 LA
390 1734 546 1773 CRozE.
561 1732 645 1785 Qui
658 1732 1008 1773 nobiliffimiCrozii
1021 1734 1174 1773 notulas
1185 1734 1326 1774 descri-

4 1791 5 1802 ¹
53 1788 149 1843 pfit,
168 1789 330 1829 dilucide
345 1789 481 1827 Bellum
496 1788 695 1827 auctorem
718 1787 898 1827 indicavit
910 1801 922 1834 ;
946 1801 1033 1827 cum
1050 1801 1146 1827 vero
1163 1787 1323 1840 suspica-

55 1856 131 1891 rer,
146 1856 234 1882 eum
248 1855 325 1882 non
341 1843 437 1882 bene
455 1841 661 1882 affecutum
672 1841 803 1880 Crozii
821 1841 1136 1889 manum‚clariff.
1151 1842 1274 1881 virum
1290 1842 1321 1882 Ι.

4 1893 5 1921 ³
53 1895 143 1937 Ode
156 1896 342 1943 consului,
355 1897 421 1949 qui
435 1894 683 1935 eruditissimo
697 1894 796 1933 libro
807 1894 853 1933 de
867 1896 1022 1947 Angelis
1034 1896 1266 1948 conscripto,
1280 1897 1323 1936 in

4 1947 5 1950 '
55 1950 129 1991 hac
143 1951 298 1991 materia
311 1949 363 1989 est
377 1948 662 1989 versatiffimus:
678 1947 786 2001 isque
802 1948 894 1987 mihi
907 1950 1103 1995 indicavit,
1116 1950 1193 1987 fine
1205 1950 1323 1990 dubio

5 2047 6 2053 ¹
55 2004 208 2057 Psellum
227 2004 505 2044 rescribendum
520 2034 531 2051 ‚
551 2004 618 2056 qui
635 2003 679 2042 de
698 2001 945 2042 Daemonum
971 2004 1259 2054 operationibus
1279 2004 1325 2043 li-

56 2057 198 2098 bellum
220 2057 410 2104 confecit,
429 2058 572 2097 editum
589 2055 704 2096 Paris.
725 2058 838 2109 1576,
851 2056 891 2095 &
906 2069 965 2094 an.
984 2059 1102 2106 1615,
1118 2059 1220 2096 notis
1239 2057 1324 2097 illu-

54 2111 213 2153 stratum
236 2122 259 2152 a
277 2111 381 2153 Gilb.
404 2110 655 2157 Gaulminio,
679 2109 931 2162 recusumque
952 2110 1100 2150 Graece
1123 2123 1167 2150 ac
1190 2111 1322 2151 Latine

55 2165 234 2206 informa
249 2167 410 2206 minore.
427 2165 570 2204 Rmz.
592 2165 720 2205 Locus
741 2163 848 2203 Pselli
870 2163 1031 2204 habetur
1052 2179 1088 2218 p.
1108 2178 1179 2204 102
1192 2165 1244 2219 sq.
1260 2165 1321 2207 ed.

57 2220 165 2260 Kilo.
190 2220 312 2267 1688,
332 2233 391 2259 12.
409 2218 537 2259 GESN.

4 2281 6 2298 ³
112 2276 186 2313 ead.
200 2275 224 2313 l.
241 2287 300 2324 ¹7·
315 2271 367 2313 Οὐ
384 2272 511 2326 μέγα)
530 2272 591 2312 Sic
610 2270 720 2324 supra
733 2278 880 2320 Δημων.
894 2284 926 2311 c.
939 2283 988 2323 30
1003 2269 1027 2310 f.
1052 2271 1211 2312 SoLAN.

111 2328 205 2379 Pag.
218 2328 304 2377 267.
315 2328 337 2366 l.
349 2341 387 2380 9.
401 2327 463 2365 Ἐκ.
473 2326 543 2365 τῶν
557 2326 742 2378 σταυρῶν)
756 2325 866 2365 Cave
880 2324 920 2364 &
935 2325 1010 2364 hoc
1027 2326 1071 2364 ad
1083 2325 1319 2367 Christianos

57 2380 218 2429 referas,
234 2381 406 2420 nondum
420 2393 468 2420 eo
483 2379 664 2420 fatuitatis
676 2381 793 2419 dicam
807 2392 854 2418 an
876 2378 1147 2430 superstitionis
1158 2379 1321 2419 devolu-

57 2445 136 2480 tos,
148 2445 191 2474 ut
207 2434 315 2487 ligno
328 2435 513 2474 virtutem
526 2434 746 2473 tribuerent.
762 2432 1022 2472 Circulatores
1039 2432 1096 2471 isti
1113 2445 1250 2485 nempe
1268 2432 1323 2473 fa·

60 2489 223 2540 ciebant,
233 2488 339 2543 quod
346 2488 539 2543 hodieque
549 2488 627 2530 fere
637 2501 659 2529 a
670 2487 788 2528 stultis
797 2486 1015 2528 hominibus
1026 2486 1084 2535 fit,
1093 2487 1159 2541 qui
1168 2485 1321 2540 suspen-¹
