1956 3444
357 257 459 303 IN
528 256 645 305 DE
711 257 1063 305 LUGTu.
1245 278 1338 326 499

76 339 139 382 san
151 343 382 384 corressoris
395 374 406 391 ,
420 346 484 397 qui
505 346 598 385 duas
616 344 914 398 praepositiones
926 346 1122 399 oppositas
1141 344 1238 388 ferre
1258 362 1337 388 non

75 398 224 448 potuit;
239 411 313 449 qua
326 399 570 451 oppositione
585 412 710 438 tamen
728 399 815 438 nihil
836 398 1078 451 frequentius.
1097 403 1216 447 Vide,
1240 416 1337 453 quae

75 462 253 490 notamus
269 452 313 490 ad
338 453 514 490 Hermos.
534 466 566 491 c.
587 467 637 503 79
652 452 675 490 f.
693 452 729 490 ἐς
743 452 853 500 {inp-w
876 454 1034 501 ἐκχέας.
1058 454 1111 493 Ita
1126 455 1175 493 εἰς
1191 456 1229 494 δε
1248 460 1338 494 πὼς

73 502 124 553 μὲ
139 504 352 549 ἀποβλέπει
368 505 567 545 habuimus
581 506 679 558 apud
695 505 876 544 Nostrum
892 507 953 544 vel
970 508 1129 548 centies:
1147 509 1213 560 qui
1230 502 1336 548 dubi-

75 566 143 601 tat,
160 557 266 596 adeat
279 558 378 597 Tim.
394 571 476 610 cap.
494 561 540 598 26
555 561 591 598 δι
613 572 674 610 33,
689 558 795 610 Nigr.
823 558 891 607 §4
909 559 1025 611 Imag.
1042 573 1056 598 1
1075 561 1113 600 &
1132 575 1164 599 2.
1181 561 1334 612 Quom.

77 608 172 648 Hist.
195 623 228 649 c.
244 624 292 658 42
307 642 317 659 ‚
330 613 418 661 πρὶς
432 614 484 650 τὰ
497 632 541 641 --
556 612 849 657 ἀποβλέποντες.
867 612 913 650 Et
928 612 1087 651 Icarom.
1108 629 1166 666 23.
1183 615 1244 653 Bis
1259 617 1334 654 Ac-

76 661 151 702 cus.
168 675 217 701 20
236 665 310 703 &c.
333 665 501 716 Alciphr.
517 665 567 703 111
583 695 594 713 ,
616 679 650 715 p.
671 679 761 712 450.
774 665 920 704 Verum
939 666 976 705 &
994 667 1150 705 eandem
1175 682 1336 721 praepo-

74 715 249 755 fitionem
267 719 386 769 repeti
406 719 492 769 quis
508 717 645 757 nescit?
673 717 809 771 Quare
822 731 942 769 pauca
957 730 1105 758 tantum
1125 721 1331 761 tironibus:

76 769 207 818 Tim.§
226 784 289 822 25.
312 772 529 810 ἐκλελοιπὸς
552 771 594 810 ἑκ
612 768 679 809 τοῦ
698 771 789 816 βίου.
811 771 911 811 Gall.
930 785 992 822 31,
1009 773 1333 826 ἑπαγρυπνσῦντκ

77 823 142 861 ἐπὶ
159 823 371 873 φροντίὲωιΙ.
388 823 540 874 Quom.
557 823 653 862 Hist.
672 836 756 876 cap.
772 839 797 872 4
819 837 868 863 m.
886 827 977 874 πρὶς
992 846 1035 854 —-
1052 825 1206 865 λιθίδιον
1223 843 1332 876 προσ-

73 878 318 915 πταίσαντα.
335 877 516 929 Thucyd.
539 877 637 922 Vll,
656 891 716 927 51,
737 881 826 928 πρὶς
846 880 899 916 τὰ
924 879 1040 930 τείχη
1062 882 1333 930 π’ροσέέειλλον,

74 929 116 968 &
133 943 164 968 c.
184 943 231 981 50
251 943 305 982 pr.
329 931 547 981 ἀφικόμενος
568 932 644 968 ἀπὸ
657 929 723 970 τῆς
738 931 883 975 Αυβίης.
897 931 1014 984 Long.
1032 931 1122 973 past.
1143 933 1222 981 111,
1247 947 1334 986 117,

73 982 124 1022 εἰς
138 984 277 1022 κόλπον
299 980 511 1024 sichaeam».
529 984 675 1022 RHTZ.

72 1089 99 1129 S
129 1036 217 1087 Pag.
236 1050 323 1076 210.
337 1037 362 1075 l.
381 1051 416 1076 2.
430 1038 640 1089 Καιὸμενοι)
657 1035 782 1089 Quis?
803 1036 888 1075 vide
906 1048 987 1077 not.
1010 1039 1055 1078 ad
1072 1043 1156 1079 Μεν.
1174 1052 1255 1093 cap.
1273 1053 1333 1090 14.

103 1099 233 1129 OLAN.

127 1145 200 1182 ead.
213 1144 236 1182 l.
249 1158 282 1195 3.
293 1142 386 1182 Ὓπὶ
398 1142 532 1196 γυπῶν
544 1165 588 1172 -—-
599 1141 730 1195 Τέιντ.)
743 1142 905 1182 Homer.
925 1143 999 1183 Od.
1014 1149 1056 1190 A,
1074 1145 1156 1197 581.
1172 1147 1334 1188 SOLAN.

124 1200 199 1235 ead.
212 1197 236 1235 l.
249 1212 286 1244 4.
296 1195 337 1234 ‘O
347 1196 414 1247 μὲν
428 1199 505 1250 ’γὰρ
519 1198 710 1235 Τάνταλος
729 1195 790 1234 ἐπ’
801 1191 898 1245 αὐτῇ
914 1196 960 1246 τῇ
975 1197 1080 1248 λίμνῃ
1097 1201 1212 1239 afa-rb<
1224 1198 1334 1240 ἔστιν.

78 1249 140 1302 κε)
158 1249 323 1289 Tantalus
340 1251 375 1287 ἰιι
398 1250 472 1302 ipfh
493 1251 620 1301 palude
635 1251 717 1302 flat.
733 1248 793 1287 Sic
808 1250 1005 1302 interpres.
1023 1251 1105 1290 Cur
1120 1255 1245 1292 omisit
1259 1251 1334 1293 αὖ·

71 1304 136 1342 ’τός
148 1318 160 1352 3
172 1304 259 1355 quia
275 1303 400 1342 nullus
415 1305 449 1342 ei
462 1304 521 1342 hic
534 1314 614 1342 erat
626 1303 748 1341 locus.
765 1300 872 1354 Quid
885 1305 984 1341 enim
998 1304 1099 1352 effex,
1115 1306 1282 1345 Tantalus
1294 1309 1330 1346 in

71 1357 150 1409 ipsa
162 1358 287 1408 palude
303 1357 481 1410 ipsestqt?
494 1357 708 1408 Legendum
720 1350 870 1394 afiocfo
885 1356 951 1406 μὲν
967 1359 1044 1410 ’γὰρ
1059 1360 1253 1399 Τάνταλος
1270 1361 1332 1400 ἐπ’

73 1406 176 1461 αὐτῇ
191 1409 239 1459 τῇ
262 1410 369 1460 λίμνη
383 1411 472 1450 αὖος
488 1408 627 1449 ἕστηκε
640 1439 651 1455 ,
678 1408 892 1450 Tantalusin
910 1410 973 1448 illa
997 1411 1072 1463 ipsa
1089 1413 1331 1463 paladeficcus

66 1466 161 1517 stat,
181 1464 323 1516 quippe
339 1464 405 1514 qui
430 1464 545 1503 mediis
550 1463 686 1514 fitiebat
706 1463 740 1500 in
761 1462 871 1502 undis.
888 1463 998 1502 Hanc
1017 1477 1138 1503 meam
1155 1467 1333 1505 emenda-

72 1518 218 1557 tionem
230 1517 468 1556 certiffimam
480 1516 551 1556 effe
565 1515 692 1568 postea
700 1514 868 1554 firmavit
879 1528 990 1555 vetus
997 1516 1144 1557 Codex,
1157 1518 1333 1560 GRAEV.

123 1574 198 1610 ead.
210 1571 233 1610 l.
249 1584 280 1624 ς.
298 1564 407 1623 Αῧος)
424 1570 576 1609 Praeter
592 1568 643 1609 G.
658 1569 769 1608 etiam
785 1569 824 1607 L.
839 1569 995 1610 SOLAN.

126 1626 198 1663 ead.
213 1625 235 1663 l.
250 1625 285 1664 6.
302 1621 372 1662 Τοῦ
393 1624 510 1673 μέσου
535 1622 642 1675 βίον)
664 1622 860 1662 Medicsris.
884 1622 1050 1662 GUYET.
1077 1622 1123 1662 1st
1144 1624 1221 1670 est,
1239 1638 1331 1666 cum

73 1676 298 1717 BenediCmS
312 1676 464 1716 dediffet
479 1677 601 1715 mediae
623 1676 712 1715 vitae
723 1706 735 1724 ‚
752 1676 934 1726 Guyetus
949 1677 1117 1716 correxit
1130 1680 1300 1718 mediocris
1316 1697 1330 1727 ,2

74 1732 178 1783 quod
193 1731 313 1783 ipsum
333 1742 463 1769 tamen
483 1730 519 1768 in
536 1730 620 1769 Par.
635 1729 690 1768 ed.
708 1729 782 1767 iam
799 1740 890 1768 erat.
906 1729 990 1781 Ego
1014 1743 1107 1769 veto
1125 1732 1330 1772 Benedieto

74 1784 300 1837 adstipulor:
320 1796 426 1823 mens
447 1783 547 1821 enim
564 1783 718 1822 Luciani
735 1781 808 1827 est,
830 1782 1004 1822 homines
1025 1784 1168 1824 mediae
1183 1786 1332 1824 cuidam

76 1838 175 1877 inter
190 1839 316 1877 bonos
329 1836 520 1889 malosque
534 1837 637 1875 vitae
652 1836 789 1874 rationi
804 1836 968 1875 addietos
979 1867 990 1882 ,
1003 1836 1098 1875 statu
1111 1838 1221 1877 etiam
1239 1853 1334 1891 quo-

74 1891 160 1930 dam
176 1891 271 1930 inter
286 1891 502 1930 felicitatem
519 1889 560 1929 &
575 1889 765 1929 cruciatus
780 1889 906 1928 medio
927 1889 1012 1928 frui.
1028 1890 1126 1929 Nam
1145 1893 1267 1943 primo
1287 1893 1332 1932 de

74 1945 272 1984 bonorum
289 1958 334 1984 ac
353 1944 535 1983 iustorum
556 1943 810 1989 beatitudine,
828 1943 913 1981 dein
933 1944 977 1982 de
991 1943 1178 1982 malorum
1200 1947 1334 1997 poenis

75 1999 184 2037 dixit:
207 2000 277 2037 iam
298 1999 344 2038 de
369 1999 436 2044 iis,
451 1998 518 2050 qui
538 1995 645 2050 quasi
666 1997 801 2035 neutris.
815 1996 1001 2036 accenseri
1026 1995 1186 2049 pofflnt,
1207 1999 1334 2052 loqui-

74 2063 149 2092 tur.
172 2051 314 2091 RErrz.

131 2109 203 2145 ead.
219 2107 242 2144 Ι.
260 2119 318 2144 10.
331 2104 462 2157 Χοαῖς)
479 2104 532 2143 Ea
546 2104 590 2142 de
605 2103 731 2143 teiam
752 2101 863 2155 supra
878 2103 923 2143 ad
936 2103 1081 2146 Ἔστω-κ,
1102 2117 1181 2157 cap.
1201 2119 1248 2144 22
1261 2136 1272 2153 ,
1293 2105 1336 2145 δι

79 2172 171 2198 mox
185 2160 243 2198 hic
254 2172 286 2198 c.
305 2173 361 2212 19.
377 2159 476 2197 Vide
494 2158 535 2197 &
549 2156 817 2196 philostratum
833 2171 868 2208 p.
886 2171 943 2209 32.
959 2157 1117 2196 SOLAN.

129 2213 211 2250 ibid.
224 2211 564 2265 Καθαγιζομένοις)
579 2210 694 2250 Conf.
707 2211 853 2249 Ἐπισκ.
870 2224 952 2262 cap.
977 2225 1036 2250 22.
1053 2211 1209 2250 SOLAN.
1225 2212 1337 2253 Adde

79 2279 173 2306 mox
184 2279 217 2305 c.
233 2279 292 2318 19.
305 2266 351 2304 Et
363 2264 484 2304 Weff.
497 2265 542 2303 ad
559 2264 677 2304 Diod.
691 2264 765 2304 Sic.
784 2264 858 2310 IV,
871 2278 905 2316 p.
925 2265 998 2316 269
1010 2293 1020 2309 ,
1034 2264 1109 2303 No.
1128 2277 1181 2302 12.
1197 2265 1337 2307 Rmz.

132 2322 204 2358 ead.
219 2319 242 2357 l.
262 2318 505 2372 ις.’οβολ“ον)
523 2318 710 2356 Alludunt
732 2317 777 2356 ad
797 2318 902 2356 hunc
930 2330 1074 2356 morem
1092 2331 1178 2357 cum
1199 2319 1339 2358 Noster

77 2372 187 2420 alibi,
209 2383 290 2410 tum
304 2373 365 2410 alii
379 2373 497 2411 multi.
516 2372 600 2411 Iuv.
612 2371 681 2411 111:
701 2387 758 2410 nec
777 2371 874 2409 habet
891 2386 983 2423 quem
995 2373 1149 2423 porrigat
1163 2387 1216 2410 ore
1238 2377 1340 2412 trien-

75 2438 150 2464 tem.
170 2426 243 2465 Hic
258 2438 436 2465 nummus
449 2424 619 2464 «Γανέικης
633 2426 837 2464 dicebatur.
857 2424 1015 2463 SOLAN.

131 2479 221 2530 Pag.
237 2492 281 2517 21
294 2493 325 2519 1.
338 2480 362 2518 l.
380 2493 411 2520 1.
425 2478 627 2530 Νομίζετιιι
641 2478 658 2531 )
671 2478 714 2518 Id
727 2477 779 2518 est
791 2508 807 2525 ,
827 2476 871 2516 sit
889 2479 928 2517 in
944 2475 1013 2517 usu
1027 2507 1039 2526 ‚
1057 2477 1340 2519 consuetudine.

79 2531 250 2573 GUYET.

1006 2582 1024 2623 I
1039 2583 1051 2621 i
1081 2597 1102 2622 2
