1956 3444
361 275 444 321 IN
479 275 576 321 DE
611 272 1045 321 PARASITO.
1253 290 1342 341 453

131 365 205 403 ead.
221 364 243 402 l.
259 362 295 402 8.
314 364 385 404 Μὲν
400 364 546 412 τοὺςὲε,
567 364 693 416 ἑτέρως
713 363 757 403 Σὲ
771 364 856 403 τοὺς
873 364 917 403 ἑὲ
930 363 1176 416 παρασιτεῖν)
1201 365 1349 418 Legen·

79 417 171 456 dum
189 418 355 464 videtur,
380 417 506 457 ἄλλως
529 419 613 458 τοὺς
632 418 718 466 μὲν,
746 417 874 469 ἑτέρως
892 417 937 456 δὲ
959 418 1095 457 *mode
1110 419 1350 470 παρασιτεῖν.

80 469 252 509 GUYET.
278 470 372 510 Illud
393 472 576 524 posterius
597 470 683 510 τοὺς
705 470 750 510 se
774 471 812 509 in
839 471 972 510 nostris
995 471 1116 510 Codd.
1136 484 1252 524 atque
1266 473 1349 511 edd.

80 535 163 562 non
177 525 346 570 invenio,
364 524 423 564 sed
436 525 524 565 τοὺς
535 537 705 572 tantum,
722 535 825 563 certe
842 525 879 562 in
895 525 922 562 I.
938 525 990 562 Fl.
1004 526 1054 564 H.
1072 526 1114 562 P.
1131 527 1187 564 Fr.
1205 526 1291 563 ΑΖΔ.
1309 527 1349 566 S.

81 576 155 616 Sed
168 578 213 616 B.
233 591 263 616 1.
277 578 360 617 τοὺς
376 579 420 617 δὲ
433 609 445 624 ,
471 580 576 631 quod
596 579 634 617 in
650 576 782 617 τοὺςὸε
796 578 1019 616 mutandum
1033 607 1046 623 ‚
1070 577 1180 617 facile
1194 579 1350 631 largior,

80 629 196 682 idque
210 631 255 670 B.
276 645 309 670 2.
325 633 397 670 iam
409 631 507 672 fecit.
528 633 581 670 At
595 644 682 671 cum
700 632 736 669 in
751 642 839 670 cett.
857 631 974 676 absit,
999 643 1129 670 earum
1147 631 1350 673 leffionem

81 682 259 731 servavi,
281 698 329 723 ne
341 684 417 724 fine
429 685 641 725 necestitate
659 688 699 722 rb
711 685 757 723 s‘e
771 685 1072 736 conduplicetur.
1098 685 1240 724 RErsz.

139 738 231 789 Pag.
250 752 263 776 1
275 739 334 777 26.
347 739 369 776 l.
387 752 445 778 10.
461 739 523 778 Ὡς
538 740 641 778 κατὰ
652 752 749 777 τινος
762 761 807 768 -
821 737 1025 791 αἰσχύνης)
1039 739 1127 777 Hoc
1143 741 1249 777 κατὰ
1260 739 1351 791 quid

84 789 154 829 fibi
172 793 232 831 hic
247 792 364 837 velit,
384 805 464 831 non
489 793 663 845 equidem
684 791 880 845 affequor:
908 791 1153 843 intelligerem
1170 823 1181 838 ‚
1210 792 1237 830 s1
1262 792 1352 831 esset

85 840 260 896 ὡσπερεὶ,
279 846 340 885 vel
353 842 398 883 ὣς
411 844 525 893 sam,
548 846 609 886 vel
622 845 741 885 simile
753 846 855 898 quid.
868 845 1139 897 Corruptelam
1157 846 1218 884 hic
1237 846 1354 884 inter-

84 897 245 945 ceffiffie,
259 912 281 938 e
297 898 477 938 scribendi
489 900 721 952 compendiis
732 910 856 938 ortam
867 929 879 945 ,
894 900 960 937 vix
974 899 1119 938 dubito.
1145 899 1271 939 stN.

140 952 218 991 ibid.
233 956 344 992 Κατὰ
357 953 472 1006 τινῖς)
489 955 558 992 Καί
570 969 665 992 τινος
684 953 897 1005 legendum.
916 952 1089 993 GUYET.
1114 953 1244 992 Probo
1257 964 1354 992 con·

86 1005 292 1046 iecturam:
313 1019 398 1046 nam
415 1010 518 1045 κατὰ
533 1006 679 1046 sensum
693 1007 942 1046 commodum
964 1019 1043 1045 non
1062 1006 1226 1046 exhibet.
1255 1006 1356 1045 Inte-

85 1060 159 1098 rim
177 1057 282 1098 ‹1¹57oe
297 1073 344 1100 ex
364 1060 451 1099 Pell.
468 1061 592 1113 petest
614 1060 710 1114 legi,
733 1061 858 1100 donec
880 1060 1045 1101 certiora
1062 1073 1110 1099 ex
1132 1061 1215 1100 aliis
1230 1059 1354 1101 Codd.

86 1113 308 1153 doceamur.
336 1115 476 1153 Rmz.

140 1170 213 1205 ead.
233 1169 257 1207 l.
275 1180 334 1217 15.
348 1167 673 1221 Ἀναγροιψάντων
695 1166 784 1207 τοὺς
805 1167 860 1206 ἐκ.
884 1166 1002 1219 βίους)
1019 1167 1081 1205 An
1100 1166 1164 1218 qui
1189 1165 1353 1219 singulas

86 1220 185 1260 vitas
201 1220 418 1273 scripserant
431 1252 443 1268 ,
466 1235 514 1261 an
532 1234 628 1262 vero
643 1222 710 1274 qui
730 1223 904 1261 omnium
916 1251 929 1267 ,
952 1223 1057 1274 quod
1071 1234 1091 1259 a
1107 1221 1286 1273 Diogene
1300 1219 1357 1262 fa·

83 1273 214 1314 etum?
233 1275 391 1315 SOLAN.

144 1330 233 1380 Pag.
255 1331 373 1378 127.l.
394 1343 424 1368 ι.
450 1329 498 1368 Νὴ
521 1332 584 1368 τὶν
603 1328 809 1381 Ἡρακλέα)
838 1327 900 1368 De
917 1328 992 1367 hoc
1011 1327 1215 1367 Parafitico
1236 1326 1359 1366 sacra-

88 1394 222 1422 mento
236 1382 292 1422 Io.
306 1382 505 1423 Meursms.
535 1383 717 1422 Iurabant
737 1385 854 1422 etiam
875 1382 1028 1421 Parasiti
1052 1381 1088 1422 νὴ
1109 1381 1193 1423 τοὺς
1217 1379 1358 1421 ἄλλως.

87 1435 219 1476 Liban.
235 1436 354 1475 Paras.
382 1437 555 1476 BOURD.

143 1492 217 1528 ead.
227 1491 249 1528 l.
265 1480 378 1538 4f‘⁹ssv
390 1491 466 1544 ἐγὼ
477 1489 601 1543 δοκῶ)
618 1489 784 1529 Videtur
798 1490 870 1542 leg.
889 1485 948 1530 ὦς.
963 1489 1089 1530 GESN.
1107 1487 1299 1528 Gesnerus
1311 1485 1359 1527 ὧς

90 1543 265 1582 malebat.
290 1545 394 1583 Nihil
417 1557 613 1597 repugno,
634 1543 660 1581 sl
684 1544 769 1582 libri
791 1546 1014 1584 addicerent.
1042 1544 1141 1582 Nam
1165 1542 1232 1581 etsi
1257 1554 1360 1581 con-

90 1597 286 1644 struendo,
297 1597 381 1637 τοὺς
393 1599 579 1650 ἀρίστους,
593 1597 669 1637 scil.
686 1594 824 1646 αὐτῶν,
840 1593 885 1636 ὧν
900 1598 977 1650 ἐγὼ
989 1594 1101 1642 song,
1116 1597 1285 1648 regimen
1301 1608 1362 1647 ge-

91 1651 204 1690 nitivi
221 1647 266 1690 §v
277 1653 433 1691 extundi
448 1651 594 1704 potest3
615 1662 744 1690 tamen
758 1650 881 1690 sensus
898 1652 1025 1690 minus
1041 1650 1093 1690 est
1108 1649 1336 1689 commodus
1348 1678 1362 1694 ,

91 1718 207 1756 quam
224 1703 447 1757 ficssrleg333
476 1705 516 1743 &
540 1704 681 1757 pristini
705 1706 818 1744 etiam
844 1706 1088 1756 interpretes,
1117 1715 1155 1743 ut
1173 1718 1230 1757 ego
1247 1703 1364 1756 opinor

93 1759 308 1807 reddentes,
327 1760 376 1797 ita
394 1760 466 1812 legi
480 1758 639 1797 voluisse
650 1759 838 1798 videntur.
863 1759 1005 1798 Rmz.

147 1815 222 1853 ead.
241 1814 264 1851 l.
282 1827 313 1863 5.
330 1812 528 1866 Αἰσχίνης)
544 1813 632 1851 vid.
644 1813 719 1851 Εὶκ.
735 1825 768 1852 c.
790 1827 850 1862 17,
866 1813 908 1851 δι
923 1812 997 1852 hoc
1009 1810 1089 1864 ipso
1104 1824 1169 1864 op.
1184 1823 1219 1850 c.
1237 1824 1308 1863 43,
1322 1809 1362 1848 ὅ(

94 1866 192 1914 plut,
210 1867 247 1905 in
262 1868 343 1906 Vit.
358 1866 509 1906 Aristid.
524 1867 564 1905 &
579 1882 622 1905 π.
641 1866 776 1904 abnam.
800 1866 1010 1913 Benrleius,
1032 1865 1147 1915 Diog.
1162 1865 1285 1903 La'e'rt.
1300 1863 1333 1901 Π
1346 1893 1359 1908 ,

95 1921 161 1966 61,
176 1935 211 1973 p.
224 1920 273 1969 48
289 1920 335 1960 C.
346 1921 399 1960 D.
413 1921 453 1960 δι
466 1920 568 1959 Suid.
586 1920 736 1971 Septem
753 1931 1002 1958 numerantur
1015 1920 1098 1958 eius
1113 1918 1273 1969 Dialogi
1289 1930 1368 1955 me-

96 1974 201 2014 lioris
215 1985 330 2014 notae
342 1990 353 2022 ·,
365 1975 600 2026 totidemque
613 1984 677 2013 aut
689 1972 915 2026 imperfeffi,
929 1985 994 2012 aut
1011 1973 1067 2011 his
1083 1972 1198 2024 longe
1209 1970 1367 2010 inferio-

97 2040 169 2068 res.
184 2028 301 2081 Diog.
319 2032 344 2067 1.
356 2042 387 2068 c.
408 2028 564 2067 SOLAN.

128 2084 224 2120 vead.
247 2085 271 2121 l.
291 2096 328 2132 7.
346 2080 475 2121 Ὅπως
501 2082 529 2120 εἰ
555 2079 728 2132 ἓύναιτο)
757 2080 861 2119 Nota
883 2077 1042 2132 phrasin.
1066 2078 1237 2118 Guvm.
1265 2076 1371 2116 Nihil

98 2135 199 2175 aliud
217 2135 340 2188 signif.
357 2149 474 2188 quam
491 2138 529 2187 fi
543 2136 638 2174 modo
654 2133 780 2187 poffet,
795 2134 857 2172 vel
862 2136 900 2185 fi
912 2134 974 2173 stoc
987 2135 1084 2172 modo
1099 2132 1228 2185 poffet,
1249 2143 1323 2183 pro
1342 2129 1371 2170 εὶ

100 2185 197 2228 οὕτω
211 2189 379 2230 sarano.
400 2190 485 2228 Alia
503 2190 547 2228 de
562 2189 661 2227 ὅπως
675 2190 748 2226 iam
766 2188 856 2225 alibi
872 2187 1043 2226 laudatus
1060 2187 1170 2225 habet
1185 2184 1312 2223 Solan.
1326 2184 1374 2223 ad

98 2243 218 2282 huius
233 2243 333 2283 Dial.
346 2257 377 2283 c.
392 2257 431 2295 9,
453 2242 493 2281 &
506 2244 552 2281 ad
566 2242 668 2281 Tim.
684 2241 700 2290 §
717 2241 781 2289 48.
803 2240 956 2279 Inversa
971 2252 1097 2279 autem
1112 2240 1172 2279 hic
1186 2239 1375 2277 ordinaria

99 2296 338 2337 construfflo
353 2297 518 2341 videtur,
533 2297 638 2349 quod
661 2296 720 2334 alii
735 2296 942 2347 negabunt,
957 2294 993 2332 δε
1008 2295 1038 2332 εἰ
1057 2294 1211 2333 swano
1223 2292 1377 2331 duobus

99 2352 301 2390 commatis
317 2349 464 2390 incluso
481 2352 532 2388 ita
554 2349 777 2389 construent
792 2378 801 2390 ,
828 2348 929 2386 ὅπως
942 2346 1155 2399 γνωσθῆναι
1170 2346 1222 2385 δι’
1241 2340 1377 2392 αὐτῶν,

99 2404 130 2443 εἰ
145 2403 314 2443 δύναιτο.
337 2403 410 2442 Sed
428 2403 528 2442 ‘dms
542 2415 625 2442 tum
639 2415 711 2455 pro
725 2399 770 2442 ὧς
785 2403 942 2449 valebit,
956 2413 999 2440 ut
1017 2401 1169 2440 videtur
1184 2400 1294 2438 etiam
1307 2409 1376 2437 ‘ta-

99 2458 174 2498 cite
191 2456 348 2497 innuiffe
368 2457 519 2508 Guyet.
534 2457 580 2496 ad
596 2469 628 2496 c.
646 2471 663 2508 3
681 2457 792 2501 huius
808 2455 911 2494 Dial.
925 2455 1025 2493 unde
1043 2455 1080 2493 id
1105 2455 1137 2493 ei
1164 2451 1377 2505 suspeetum

101 2510 196 2557 fuit,
217 2512 306 2563 quia
321 2523 408 2550 cum
423 2509 616 2549 infinitivo
633 2523 710 2549 non
730 2520 830 2548 amat
843 2508 1024 2548 construi.
1043 2507 1225 2560 Exempla
1248 2506 1294 2545 ab
1307 2503 1379 2543 So-

102 2564 191 2606 lano
212 2566 289 2607 illic
307 2565 473 2605 indicata
495 2565 572 2605 huc
590 2576 672 2605 non
691 2563 848 2605 faciunt.
869 2563 1006 2616 Neque
1018 2562 1086 2656 ὶὲειὶ
1094 2575 1126 2601 c.
1142 2575 1161 2614 3
1175 2559 1215 2600 δι
1228 2574 1252 2614 9
1266 2558 1379 2613 plane
