1956 3444
588 241 680 285 402
789 215 1655 265 ANNOTATIONES

643 311 714 347 ead.
733 308 755 346 l.
773 321 787 345 1
800 320 832 345 1.
846 303 1142 358 Ἀκαλλιέριιτοι)
1166 306 1214 342 Tb
1228 304 1363 343 πάντα
1385 304 1446 343 hic
1461 303 1582 343 deeffe
1596 304 1764 351 videtur,
1789 315 1858 346 aut

588 362 709 402 (imile
721 360 823 413 quid.
842 361 888 397 Tb
902 359 1038 398 πάντα
1054 360 1236 409 interpres
1250 357 1450 409 supplevit.
1475 357 1647 397 GUYET.

649 417 725 453 ead.
741 415 763 453 l.
786 412 892 466 15.E1’
905 412 1047 464 τύχοι)
1066 410 1229 459 Confer,
1242 410 1270 449 si
1283 423 1424 463 operae
1437 411 1602 459 videtur,
1616 412 1754 452 Amor.
1767 424 1854 465 cap.

590 482 655 518 42,
669 468 709 506 &
720 467 824 507 Tox.
839 480 875 516 4.
895 466 1037 505 RErrz.

647 522 736 573 Pag.
755 534 812 572 52.
827 520 849 558 l.
875 532 903 558 1.
930 516 1158 570 Μερμιιρίζω)
1174 516 1255 556 Cur
1270 516 1307 554 in
1321 516 1503 555 omnibus
1516 516 1597 556 edd.
1617 516 1669 556 est
1682 518 1855 568 μερμερί-
1918 541 1919 551 2

589 577 665 623 ζω;
691 575 777 626 quis
796 573 897 612 enim
920 573 1059 619 nescit,
1088 570 1290 622 μερμηρίζω
1306 570 1556 609 Homericum
1571 569 1645 610 effe
1656 572 1821 610 verbum
1839 570 1856 610 ἓ

591 628 765 668 GRAEV.
788 627 938 666 Vocem
957 626 1054 664 hanc
1071 624 1278 664 aGraevio
1294 624 1426 662 moniti
1439 624 1752 663 emaculavimus.
1777 624 1857 664 So·

593 692 690 721 LAN.
709 682 828 720 Hom.
846 679 886 718 Il.
908 684 945 725 B,
961 693 999 718 v.
1015 676 1247 731 3,Ἀλλ’ἓ’)ε
1261 674 1453 728 μερμήριζε
1468 679 1574 715 κατὰ
1588 678 1704 728 φρένα,
1720 700 1764 707 -
1780 690 1857 722 unq

591 736 637 775 de
652 733 966 786 orthographiam
986 733 1022 770 in
1035 731 1116 770 edd.
1130 740 1350 782 peccantem
1365 730 1607 770 restituimus.
1631 731 1774 769 RnTz.

646 790 719 827 ead.
741 789 763 825 l.
787 802 820 839 3.
846 785 981 825 Μόνους
1003 784 1089 824 τοὺς
1111 783 1217 823 320oe
1242 781 1561 836 εὐδαιμονίζουσι)
1586 783 1702 824 Conf.
1717 783 1855 837 princi·

590 843 696 897 pium
714 841 827 880 huius
838 839 940 879 Dial.
965 839 1122 878 SOLAN.

644 898 719 934 ead.
733 896 756 933 l.
776 907 832 933 10.
850 890 1117 945 Kenpo‘e-yowtv)
1139 889 1255 930 Conf.
1276 889 1387 943 supra
1411 891 1456 929 ad
1470 889 1570 929 Dial.
1585 891 1756 943 proximi
1770 902 1856 945 cap.‘
1920 907 1921 916 ¹

596 949 853 1055 31P2÷14r32.-l.
871 1014 902 1052 3.
925 998 1060 1047 Πάνυ)
1084 997 1236 1037 Πάντες
1259 996 1298 1037 Ρ.
1314 997 1354 1037 δι
1369 997 1410 1036 L.
1428 996 1500 1037 Sed
1526 1009 1650 1050 neque
1675 997 1751 1037 hoc
1770 995 1856 1037 satis

593 1056 857 1097 commodum.
886 1053 1044 1093 SOLAN.

646 1111 718 1148 ead.
731 1109 753 1147 l.
773 1121 803 1160 5.
816 1103 1133 1159 Συγκεκυφότες)
1147 1102 1324 1156 Corpore
1338 1103 1564 1157 incurvato,
1577 1103 1598 1142 i.
1611 1116 1645 1142 e.
1659 1102 1752 1143 facie
1764 1117 1856 1156 pro·
1922 1126 1924 1132 ν

591 1175 662 1209 na,
676 1175 719 1201 ut
734 1162 771 1200 in
788 1161 931 1211 Evang.
946 1160 1037 1198 Luc.
1056 1158 1167 1204 XIII,
1188 1172 1248 1205 11,
1271 1159 1332 1196 καὶ
1349 1159 1385 1196 im
1410 1156 1708 1210 συγκύπτουσοι.
1732 1158 1812 1197 Ubi
1825 1158 1857 1199 1.
1922 1166 1925 1203 ξ

589 1215 731 1256 Elsner.
749 1216 822 1254 hoc
839 1213 1011 1260 Luciam,
1026 1212 1065 1251 δε
1081 1211 1183 1250 aliud
1195 1223 1244 1250 ex
1260 1211 1442 1263 Appiano
1456 1210 1577 1249 affert.
1604 1211 1747 1250 Rmz.
1922 1216 1925 1235 ²

643 1273 716 1308 ead.
730 1270 753 1307 l.
767 1269 802 1307 6.
825 1270 888 1306 Τον
900 1266 1050 1325 χρρνον)
1069 1266 1103 1303 Ο
1118 1278 1265 1316 tempora
1275 1295 1285 1312 ,
1298 1280 1318 1303 ο
1330 1280 1435 1304 mores
1448 1267 1462 1303 !
1484 1263 1555 1304 Sed
1569 1263 1696 1304 nescio
1709 1293 1720 1312 ,
1737 1277 1785 1304 an
1805 1264 1855 1304 ab
1922 1274 1926 1310 ξ

591 1324 670 1363 aliis
686 1322 735 1362 sic
749 1321 898 1361 Graece
915 1323 1125 1370 uiurpetur.
1150 1318 1308 1357 SOLAN.

642 1380 715 1415 ead.
728 1377 752 1415 l.
769 1389 826 1423 14.
842 1378 868 1411 Τ
872 1374 909 1413 ἦν
927 1372 994 1423 μὲν
1010 1371 1136 1424 sium)
1149 1371 1276 1411 Scribe
1293 1371 1418 1410 Δίκην.
1437 1370 1606 1411 GUYET.
1620 1370 1647 1410 Ι.
1664 1384 1698 1411 e.
1717 1369 1856 1410 maius-

589 1430 681 1469 culo
696 1436 746 1475 Δ,
761 1439 943 1479 tanquam
962 1438 1102 1465 nornen
1119 1426 1338 1477 proprium:
1366 1425 1472 1476 quod
1490 1423 1602 1463 facile
1615 1426 1648 1464 ei
1671 1426 1855 1465 dedimus.

590 1482 739 1523 Confer
753 1481 917 1521 eiusdem
930 1479 1079 1531 Guyeti
1094 1491 1224 1518 notam
1242 1479 1472 1530 sequentem.
1492 1479 1637 1517 REITz.

647 1536 736 1587 Pag.
755 1548 812 1587 54.
825 1535 848 1572 l.
865 1549 898 1573 2.
910 1533 964 1574 Σὺ
978 1533 1037 1579 ἑὲ,
1055 1528 1081 1572 ὦ
1093 1531 1286 1585 ῧὺγοιτες)
1312 1531 1531 1570 Phurnutus
1542 1531 1679 1571 Iovem
1695 1531 1855 1572 iustitiae

587 1600 734 1642 patrem
750 1588 934 1627 creditum
949 1588 1002 1625 ait
1013 1615 1025 1634 ‚
1050 1598 1096 1625 ea
1115 1586 1285 1633 ratione,
1300 1586 1405 1637 quod
1420 1584 1463 1623 fit
1479 1586 1652 1638 princeps
1673 1585 1714 1624 δι
1735 1586 1855 1638 impe·

589 1655 695 1681 rator
707 1640 977 1682 universorum
988 1670 1000 1686 ,
1015 1639 1198 1692 quodque
1218 1651 1469 1691 quaecunque
1483 1651 1590 1691 reges
1603 1639 1770 1678 facerent
1783 1669 1792 1684 ‚
1810 1650 1854 1678 ut

588 1696 682 1735 iusta
705 1697 746 1735 ὅ(
767 1707 888 1747 aequa
908 1704 1147 1746 putarentur.
1175 1692 1315 1732 Eadem
1336 1693 1486 1731 ratione
1511 1692 1764 1731 Anaxarchus
1782 1692 1855 1732 So-

588 1749 708 1801 phista
726 1750 762 1787 in
785 1759 926 1800 quarto
943 1747 1182 1786 historiarum
1199 1746 1349 1784 Arriani
1375 1746 1555 1798 antiquos
1577 1746 1628 1784 ait
1660 1746 1748 1785 Iovi
1770 1745 1854 1785 affi-

588 1802 745 1848 stentem
771 1800 947 1841 iustitiam
973 1799 1096 1839 feciffe
1108 1830 1120 1848 ‚
1148 1812 1263 1852 quam
1289 1800 1637 1852 interpretationem
1663 1812 1744 1839 non
1766 1799 1853 1840 satis

587 1857 738 1910 probat.
754 1850 966 1895 COGN.‘³9
984 1854 1175 1907 θύγατερ)
1191 1853 1219 1892 Ι.
1232 1866 1265 1892 e.
1280 1854 1387 1893 Δίκη.
1412 1852 1582 1893 GUYET.

639 1911 718 1949 ibid.
733 1907 956 1960 Καθεζομένη
967 1908 1075 1959 παρὰ
1085 1909 1159 1946 τὰς
1177 1909 1321 1957 σεμνὰς
1335 1907 1449 1958 θεᾶς)
1462 1907 1748 1958 Harpocration
1766 1905 1852 1947 scri-

585 1963 658 2009 bit,
672 1961 920 2002 Athenienses
933 1974 1079 2000 vocare
1096 1961 1285 2011 Erinnyes
1307 1963 1450 2010 σεμνὰς
1471 1963 1584 2008 esseae,
1599 1960 1705 2013 quafi
1723 1961 1822 2000 dicas
1834 1991 1851 2008 ,

584 2015 692 2058 Deas
702 2016 817 2057 castas
830 2016 871 2055 δι
883 2016 1136 2066 incorruptas.
1147 2013 1301 2053 Pausan.
1316 2014 1353 2052 in
1364 2014 1595 2053 Corinthiae⁷
1613 2015 1678 2061 ait,
1691 2014 1850 2054 Semnas

586 2084 609 2109 a
623 2071 828 2122 Sicyoniis,
846 2069 1070 2109 Eumenides
1083 2068 1155 2106 dici
1170 2068 1218 2107 ab
1231 2068 1387 2106 Atticis:
1404 2068 1442 2106 in
1455 2069 1586 2107 Attica
1595 2077 1722 2107 tamen
1734 2070 1850 2107 etiam

583 2123 690 2163 Deas
710 2124 865 2163 Semnas
884 2123 1028 2162 vocari.
1058 2123 1140 2161 Has
1155 2132 1271 2161 vocat
1285 2120 1439 2160 Hesiod.
1460 2121 1497 2159 in
1513 2122 1718 2173 Theogon.
1740 2122 1848 2160 Erin-

585 2190 696 2229 nyes.
720 2176 868 2215 Semnis
881 2176 974 2215 Deis
988 2188 1083 2215 oves
1099 2187 1348 2227 praegnantes
1362 2175 1609 2214 immolabant
1624 2178 1663 2214 &
1679 2176 1849 2214 melicra-

584 2242 679 2270 tum.
702 2231 846 2269 COGN.
867 2231 942 2268 Τὲις
961 2232 1102 2277 σεμνὰς
1115 2229 1226 2280 θεᾶς)
1252 2229 1323 2267 Le.
1344 2230 1420 2267 τὰς
1432 2224 1648 2277 Εὖμενίὸοις.
1672 2228 1846 2279 Hesych.

584 2285 725 2334 Σεμναὶ
738 2285 835 2322 θεαί.
853 2285 928 2322 Τὰς
940 2278 1145 2332 Etis-teris&
1156 2278 1272 2320 οὕτως
1285 2283 1428 2334 ἔλεγον,
1440 2282 1504 2320 καὶ
1518 2282 1690 2333 Ἐριννὺοις
1703 2283 1768 2321 ἐπὶ
1783 2280 1847 2321 εὗ-

582 2337 779 2388 φιιμισμῷ.
800 2337 967 2377 GUYET.
994 2335 1162 2376 Consule
1182 2335 1350 2386 Hesych.
1374 2335 1531 2374 SOLAN.
1556 2336 1586 2374 F
1590 2337 1727 2381 irmat‚
1746 2348 1846 2387 quae

583 2403 714 2430 monet
724 2390 950 2430 Scholiastes
962 2391 1006 2429 de
1018 2390 1161 2442 templo
1176 2389 1444 2434 Eumenidum,
1458 2388 1658 2428 Pausanias
1672 2391 1708 2427 in
1720 2389 1844 2428 Areo·

581 2447 668 2496 pagi
681 2445 944 2496 descriptione,
961 2443 984 2482 s.
997 2444 1118 2483 Attic.
1136 2456 1168 2494 p.
1188 2456 1232 2494 52
1246 2472 1256 2490 ‚
1277 2458 1296 2483 2
1308 2456 1338 2483 1.
1355 2442 1502 2482 Omnia
1514 2443 1668 2497 copiose
1682 2441 1843 2483 illustra-

582 2498 638 2537 vit
651 2498 790 2538 Meurs.
803 2499 1012 2551 Areopago
1024 2510 1058 2539 c.
1076 2510 1110 2537 2.
1133 2495 1258 2538 Grsu.
