1956 3444
398 229 499 278 IN
564 229 1079 279 BACCHUM.
1282 234 1373 299 569

106 315 198 369 quia
220 327 424 370 apparatus
442 318 495 358 est
516 318 749 365 Bacchicus‚
770 319 882 358 etiam
906 319 1097 359 Bacchica
1123 318 1375 360 instrumenta

105 373 152 409 ad
169 383 333 422 pugnam
358 372 597 420 adhibentur,
613 373 799 424 cymbalis
818 374 916 412 enim
933 386 978 412 ac
998 374 1194 426 tympanis
1211 375 1249 413 in
1276 374 1373 415 festo

105 422 275 474 Cybeles
287 424 326 465 δι
341 425 480 465 Bacchi
496 427 723 466 utebantur:
741 427 780 466 δι
795 425 845 467 fic
855 427 1073 476 Terentius,
1091 428 1288 467 ridiculam
1308 441 1373 468 ae-

104 477 213 515 dium
245 480 573 531 expugnationem
604 480 838 528 describens,
869 494 1041 534 coquum
1077 494 1164 522 cum
1191 482 1374 535 peniculo

105 531 220 570 etiam
247 532 401 572 inducit.
426 533 574 574 Rmz.

160 588 233 624 ead.
248 586 271 624 l.
289 601 321 639 3,
337 587 549 640 Tb’'0p610v)
565 587 679 628 Conf.
694 587 803 642 supra
819 597 951 627 notata
967 588 1011 627 ad
1025 588 1089 627 Bis
1107 587 1242 628 Aecus.
1258 602 1290 629 c.
1309 602 1323 627 1
1337 599 1373 636 1‚·

104 637 172 677 ubi
187 638 273 679 Pell.
294 642 356 678 τὶν
375 641 480 691 ’όρΘιον
495 642 673 690 volebat,
694 643 799 694 quod
817 642 921 691 νόμον
938 642 1189 694 intelligatur3
1204 641 1264 682 sed
1278 644 1371 696 quia

103 692 145 734 δι
162 692 288 742 »μέλος
307 694 430 745 potest
456 695 638 748 intelligi,
662 696 703 736 ἃ
721 695 866 748 saepius
890 707 1030 735 neutro
1050 709 1134 750 gen.
1155 697 1203 736 ab
1225 697 1372 738 Nostro

102 747 263 799 ponitur
282 747 406 799 '696on
425 748 519 787 nihil
542 750 777 789 mutandum.
800 749 946 788 REITZ.

157 803 230 839 ead.
247 802 271 840 l.
287 817 324 850 4.
344 801 544 850 Σειληνοῦ)
563 802 816 855 Quamquam
834 804 926 842 haec
942 803 987 842 ad
1001 801 1115 842 risum
1131 804 1370 845 movendum

103 865 327 907 comparata
342 855 489 896 leviore
502 868 593 895 cura
607 856 678 896 sint
693 857 903 904 tra&anda;
921 857 996 896 vid.
1012 869 1139 896 tamen
1154 857 1249 897 Plut.
1265 859 1342 906 646
1356 888 1372 904 ‚

103 921 128 946 2
143 922 152 946 τ
168 909 383 963 σάλπιγξιν
398 905 435 948 οὔ
455 909 626 962 χρῶνται
647 914 694 951 τὸ
715 911 919 963 παράπαν,
934 906 980 949 ὧς
1001 911 1066 960 ’όνῳ
1082 912 1370 965 φθεγγομέναις

102 960 270 1012 ἐμφερές.
287 966 446 1002 SOLAN.

154 1018 228 1055 ead.
241 1018 262 1054 l.
282 1031 339 1067 17.
357 1016 522 1068 Οἱὸμενοι
540 1040 584 1048 -
601 1017 837 1070 &incusem-cu)
864 1016 981 1070 Quae
997 1016 1062 1056 ista
1078 1017 1130 1057 est
1151 1019 1371 1069 connexio,‘

99 1070 180 1109 dum
189 1083 348 1122 puta-ata
362 1073 459 1110 nobis
477 1072 590 1110 audiri
603 1072 758 1119 ridicula,
779 1073 868 1110 talia
890 1074 1052 1111 credunt?
1072 1072 1171 1124 quis,
1191 1073 1369 1123 inquam,

102 1122 154 1162 fic
170 1124 342 1175 loquitur
363 1126 409 1165 de
426 1138 503 1165 una
517 1126 677 1178 quadam
691 1138 754 1172 re,
774 1129 852 1164 dum
869 1138 1019 1178 putant,
1035 1128 1205 1166 credunt?
1220 1126 1372 1166 Corru-

101 1188 166 1229 pta
186 1177 280 1217 haec
298 1179 392 1225 effe,
417 1180 508 1218 mihi
528 1192 607 1219 non
629 1179 682 1219 est
696 1180 853 1219 dubium
867 1209 879 1225 ,
895 1192 939 1219 ac
962 1179 1143 1219 leniffima
1157 1181 1370 1220 mutatione

103 1231 217 1270 unius
236 1246 357 1285 prope
384 1234 505 1285 apicis
529 1232 635 1286 posse
656 1233 818 1281 restitui,
841 1233 1001 1283 άϊὸμενει
1016 1263 1030 1279 ,
1052 1236 1130 1272 dum
1153 1235 1299 1272 audiunt
1320 1247 1370 1275 ex

97 1285 200 1332 aliis,
221 1298 264 1326 ut
286 1287 336 1325 illi
357 1286 438 1326 Indi
458 1301 508 1326 ex
532 1287 604 1327 suis
623 1288 957 1340 exploratoribus,
977 1289 1125 1326 credunt.
1151 1287 1270 1343 Quae
1297 1301 1370 1327 au-

97 1338 228 1385 diunt,
246 1341 294 1379 ab
309 1341 447 1380 invidis
461 1340 562 1381 forte
577 1341 720 1394 sparsa,
744 1342 787 1380 iis
808 1341 918 1380 nimis
940 1352 1083 1380 temere
1105 1341 1370 1382 affentiuntur.

95 1392 292 1434 Auda&er
319 1395 433 1447 recipi
457 1395 556 1435 inter
581 1395 738 1434 indubia
764 1395 926 1435 Luciani
946 1395 1068 1434 verba
1092 1394 1313 1441 suaderem,
1337 1396 1368 1436 fi

91 1448 246 1499 praesto
265 1448 356 1488 esset
379 1449 441 1488 vel
456 1449 543 1489 libri
569 1450 682 1489 unius
700 1448 906 1488 au&oriras
920 1477 930 1496 ,
951 1448 1016 1488 vel
1035 1448 1271 1488 succurreret
1290 1449 1369 1489 sal-

92 1512 170 1540 tem
184 1533 197 1548 ,
219 1502 431 1543 Lucianum
449 1514 516 1542 aut
529 1504 645 1542 alium
668 1504 814 1542 bonum
829 1501 1046 1554 scriptorem
1065 1503 1190 1542 verbo
1206 1502 1338 1552 ἐιῖὀμοιι
1351 1532 1365 1550 ,

93 1569 168 1609 pro
189 1556 262 1595 ἀΐω
275 1588 286 1605 ,
305 1557 409 1609 quod
426 1556 548 1609 ipsum
564 1556 761 1609 poeticum
775 1556 826 1596 est
840 1586 850 1604 ‚
871 1555 978 1595 usum
995 1555 1081 1595 effe.
1096 1556 1167 1595 Sed
1182 1557 1270 1596 ideo
1285 1570 1367 1596 non

92 1610 236 1649 damno
253 1610 515 1650 coniecturam
530 1624 542 1658 ·,
563 1623 651 1650 cum
678 1609 785 1650 facile
800 1609 1109 1649 observationem
1123 1622 1282 1657 eorum,
1298 1611 1366 1663 qui

95 1663 246 1707 Lexicis
263 1663 463 1705 scribendis
479 1663 713 1717 poliendisve
730 1677 889 1717 operam
905 1664 1059 1709 dedere,
1082 1665 1123 1704 ὅ(
1136 1677 1279 1708 meam,
1295 1665 1365 1716 qui

94 1731 217 1770 pauca
236 1718 346 1757 nimis
360 1730 546 1757 annotare
560 1717 769 1764 consuevi,
780 1717 937 1770 sugerit.
951 1716 1104 1756 Praesto
1119 1718 1230 1758 etiam
1252 1717 1363 1757 causa

95 1770 171 1820 est,
189 1771 241 1811 ob
255 1785 370 1825 quam
387 1773 512 1812 verbo
528 1772 620 1819 alio,
639 1785 756 1825 quam
776 1771 937 1819 ἀκούειν,
951 1770 1040 1810 usus
1054 1770 1127 1810 effe
1148 1772 1270 1823 potest
1287 1773 1366 1811 Lu-

95 1826 250 1874 cianus;
270 1827 360 1878 quia
382 1825 502 1865 statim
532 1826 699 1879 sequitur
723 1825 940 1864 ἀκούεσόαι.
967 1824 1049 1877 Ipsa
1068 1825 1201 1865 deinde
1226 1827 1362 1865 raritas

96 1880 204 1919 verbi
226 1878 334 1927 fecit,
351 1891 397 1919 ut
419 1881 457 1919 in
473 1880 624 1931 οἰόμενοι
646 1889 871 1919 mutaretur.
893 1879 1021 1919 GESN.

153 1933 242 1987 Pag,
258 1933 346 1986 308.
362 1935 385 1972 l.
403 1949 436 1974 2.
448 1933 689 1987 Ἀκοὺεσῢαι)
705 1935 788 1987 Ego
802 1934 1002 1987 vulgatum
1020 1931 1131 1971 servo
1143 1947 1155 1980 3
1168 1945 1239 1972 nec
1254 1932 1361 1972 enim

95 1985 322 2027 Florentina
335 1987 484 2041 semper
503 1987 613 2041 supra
627 1999 772 2029 ceteras
787 1987 882 2039 sapit
895 2017 904 2034 ‚
925 1986 985 2027 sed
1010 1986 1107 2026 infra
1125 1986 1248 2026 Musc.
1270 1987 1361 2027 Enc.

96 2054 181 2094 cap.
196 2042 243 2089 6,
259 2042 324 2082 vel
340 2042 459 2089 male,
482 2042 624 2082 fatente
645 2041 725 2094 ipso
737 2042 880 2081 Solano
892 2069 903 2088 ‚
920 2040 1200 2093 ἀποκρούσετιιι
1222 2041 1335 2079 habet
1347 2071 1362 2087 ‚

96 2108 171 2148 pro
197 2095 462 2150 ἀποκρούεται.
481 2096 618 2136 Nexus
640 2108 766 2136 autem
787 2094 864 2147 ipse
886 2095 971 2134 satis
991 2095 1126 2143 docet,
1151 2092 1359 2134 ἀκούεσῧοιι

95 2149 194 2189 bene
209 2150 425 2201 procedere.
441 2149 511 2189 Sed
525 2150 674 2200 οἰόμενοι
694 2149 916 2202 ΐυῑρεξὶυιη.
933 2148 1075 2188 ΚΕΙΤΖ.

149 2207 226 2242 ead.
247 2204 272 2242 l.
288 2218 322 2257 3.
337 2201 414 2242 Οὐκ
429 2200 501 2243 ois'
519 2203 577 2244 ’ὅτι
601 2203 737 2256 δόξαν)
754 2203 980 2243 Leviculum
1000 2201 1052 2242 est
1076 2201 1253 2242 mendum
1267 2230 1277 2248 ,
1298 2200 1360 2240 cui

96 2255 231 2299 similia
243 2257 315 2296 iam
334 2257 370 2296 in
384 2257 640 2310 superioribus
656 2259 888 2297 notavimus.
901 2257 992 2295 Inde
1006 2267 1131 2295 tamen
1146 2255 1301 2301 fatiam,
1314 2266 1359 2294 ut

97 2310 283 2362 interpres
294 2325 455 2365 quoque
470 2325 597 2364 parem
618 2310 986 2352 dederirverfionem
1001 2339 1011 2356 ,
1025 2311 1098 2349 hoc
1113 2308 1185 2355 est,
1200 2308 1360 2347 mendo-

95 2363 325 2404 sam.Vertit
346 2365 430 2411 ille,
456 2366 565 2417 nescio
578 2396 591 2412 ,
615 2369 707 2418 quod
714 2367 763 2404 ita
776 2366 846 2403 illis
860 2367 958 2403 deme
971 2364 1081 2413 visum
1101 2363 1187 2414 effit.
1206 2362 1276 2400 Sed
1299 2373 1357 2400 re-

96 2417 338 2458 scribendum
353 2415 416 2457 οὐκ
429 2416 502 2459 οἶδ’
519 2419 556 2466 ‘o'‚
578 2435 615 2458 τι
633 2422 708 2459 &c.
728 2432 770 2458 ac
787 2418 1011 2456 vertendum
1024 2448 1035 2465 ‚
1049 2418 1175 2467 nescio,
1193 2415 1275 2468 quid
1285 2415 1354 2453 illis

96 2474 208 2565 desme
228 2473 340 2524 visum
353 2473 486 2524 fherit;
501 2472 654 2521 nescio,
673 2473 766 2528 quid
786 2472 836 2512 illi
853 2472 897 2512 de
923 2484 983 2511 me
998 2469 1202 2517 senserint,
1223 2469 1358 2523 opina⁴

95 2525 128 2569 ti
151 2537 224 2568 int.
239 2526 348 2567 IENs.
