1956 3444
171 260 242 309 ΙΝ
265 264 635 312 RHETORUM
654 265 1186 317 PRAECEPTOREM.
1259 285 1347 337 527

75 349 260 401 murfirire
272 381 284 397 ,
303 355 394 404 quod
415 352 562 390 Athenis
578 353 710 406 primus
727 351 843 405 sectſje
867 355 1011 393 creditur
1045 356 1168 405 Cleon,
1188 355 1222 394 δ’
1243 359 1352 408 ufita-

79 416 151 443 tum
171 406 213 457 est
235 404 310 444 &a
335 405 464 445 GESN.

134 458 213 496 ibid.
228 457 467 511 Aapziyssge)
486 460 576 498 vid.
593 458 794 499 Demosth.
808 474 845 513 p.
861 474 912 499 m.
931 472 1002 513 195
1023 461 1103 502 BC.
1121 462 1189 501 ubi
1203 462 1299 503 vitio
1314 463 1352 503 id

79 510 261 550 Aeschini
280 514 400 552 datur.
415 513 571 553 SOLAN.
588 513 712 565 Quod
724 513 907 553 Aeschini
920 515 1053 555 obiicit
1068 515 1351 556 Demosthenes

76 578 154 618 pro
168 565 318 605 Coron.
335 580 367 606 c.
381 580 452 618 90,
467 567 604 619 repetit
620 567 761 607 Plinius
778 569 847 621 Ep.
862 583 886 617 4
897 598 911 615 ‚
928 582 968 617 7,
988 571 1023 608 6.
1039 569 1203 609 Videtur
1218 583 1349 610 autem

79 619 326 672 λαρυγγίζειν
339 651 350 668 ,
366 622 431 672 qui
444 622 563 659 imum
580 621 832 674 patulumque
847 632 995 674 guttur,
1010 635 1196 675 quantum
1213 624 1352 676 potest,

6 682 7 690 ¹
73 672 122 711 ad
144 674 469 724 pronuntiandum
495 675 666 722 adhibet,
683 677 721 714 δι
742 677 828 715 inde
849 688 1032 729 tanquam
1047 689 1095 715 ex
1112 675 1230 730 ι”νχείῳ
1252 691 1353 730 qu0÷

70 726 162 764 ·dam
177 740 320 779 augere
334 728 708 781 modulatioremque
721 731 875 769 reddere
891 729 1029 768 sonum
1046 730 1177 770 studet.
1195 732 1323 771 GESN.

134 780 225 834 Pag.
244 795 333 830 240.
346 783 369 820 l.
385 795 420 831 7.
435 780 704 822 Ἀπιο-τήσουσι
719 782 772 833 μὴ
788 781 1118 837 0594'1)Adleverat
1135 785 1353 826 Hemsterh.

76 833 291 874 adeundum
307 834 458 875 Duker.
479 837 525 874 ad
538 836 759 888 Thucydid.
782 837 840 885 ΙΙ,
865 851 948 876 101.
965 838 1043 877 Ubi
1058 851 1146 877 cum
1163 838 1353 889 Thucyd.

76 887 197 936 dicat,
215 888 468 929 ἀπιστοῦντες
490 886 605 941 αὖτὶν
626 890 679 940 μὴ
705 887 816 942 ἕξειν,
836 891 898 930 ille
919 904 965 930 ex
989 889 1195 931 Scholiaste
1219 892 1352 931 ohser-

78 953 170 990 vat,
187 943 240 993 μὴ
264 943 347 996 post
362 943 545 983 ἀπιστεῖν
565 943 744 983 Ἀττικοῖς
766 945 978 993 abundare,
995 945 1287 998 Lucianumque
1309 947 1350 985 in

78 993 194 1036 Rhet.
210 993 338 1036 Praec.
360 997 395 1036 h.
410 997 435 1035 1.
454 998 488 1035 ei
503 998 596 1036 duas
609 999 833 1050 negationes
846 1011 1050 1051 apponere.
1065 999 1235 1038 Eundem
1250 1013 1350 1040 vero

70 1050 339 1102 pleonasmum
363 1049 447 1103 post
461 1051 707 1105 ἀπαγορεύω,
733 1052 859 1090 κωλύω
872 1083 882 1100 ,
902 1051 1080 1103 ἀρνοῦμαι
1095 1053 1135 1092 &
1155 1053 1265 1106 2197ae
1280 1054 1351 1092 ob-

9 1147 11 1154 χ
73 1103 227 1143 servare
242 1105 478 1158 Stephanum
501 1106 546 1144 ad
560 1105 738 1144 Corinth.
759 1107 866 1146 artic.
889 1105 911 1144 8
931 1105 970 1144 δε
991 1121 1053 1159 43.
1072 1107 1209 1153 Addo,
1229 1108 1349 1147 etiam

72 1158 274 1250 praemissa
297 1159 500 1211 negatione
527 1158 612 1211 post
632 1157 872 1210 ἀπαρνοῦμαι
892 1159 998 1212 sequi
1019 1161 1261 1212 negationem
1275 1191 1287 1208 ‚
1304 1173 1350 1201 ut

101 1213 191 1264 oph.
208 1213 272 1252 Αἰ.
289 1215 361 1264 96,
384 1210 448 1250 οὖν,
469 1211 709 1264 ἀπαρνοῦμαι
729 1215 772 1252 ’τὸ
794 1214 872 1264 μὴ,
891 1230 958 1252 non
982 1229 1063 1266 nego
1079 1230 1128 1252 me
1143 1213 1272 1267 jeciſje.
1289 1216 1348 1254 At

72 1263 111 1304 in
126 1265 305 1306 Dialeeto
319 1267 518 1306 communi
537 1266 639 1305 abest
651 1265 704 1315 μὺ
718 1298 728 1315 ,
749 1279 790 1306 ut
806 1267 840 1307 ὃν
854 1268 982 1306 πάλαι
1004 1265 1168 1319 ἠρνοῦντο
1188 1268 1347 1317 aihum,

12 1356 13 1370 ἶ
71 1321 172 1376 apud
187 1321 316 1367 LXX,
332 1321 370 1359 in
383 1321 482 1359 libro
496 1320 582 1373 Sap.
598 1320 693 1368 XII,
712 1335 777 1369 27,
794 1321 834 1360 δε
855 1320 997 1374 pafiim.
1017 1321 1159 1361 REITz.

12 1387 13 1391 ¹
126 1378 199 1413 ead.
214 1375 238 1412 l.
255 1390 291 1428 9.
309 1375 497 1425 Σμικρὲιν)
515 1374 590 1412 Etsi
609 1374 744 1413 eodem
760 1376 855 1414 redit
867 1377 1026 1428 ,μικρὰν
1043 1388 1090 1413 an
1113 1377 1273 1428 σμικρὰν
1287 1377 1348 1420 Ie-]

70 1441 160 1482 gas,
181 1429 257 1468 hoc
272 1441 400 1468 tamen
415 1427 551 1474 servo,
571 1430 661 1481 quia
683 1428 757 1468 hoc
772 1428 874 1468 Dial.
890 1441 924 1467 c.
945 1443 966 1467 2
984 1442 1040 1481 pr.
1059 1429 1227 1482 alibique
1241 1430 1344 1469 Cod.

13 1531 14 1534 Ἴ
71 1481 152 1521 Ox.
169 1496 256 1522 cum
272 1483 355 1521 edd.
373 1480 577 1522 consentit.
592 1484 646 1521 At
659 1481 755 1521 infra
770 1495 803 1522 c.
820 1483 888 1521 ult.
898 1486 1033 1534 μικρὰν
1047 1483 1127 1521 edd.
1147 1484 1288 1535 pariter
1301 1485 1345 1524 δε

72 1536 196 1576 Codd.
214 1537 259 1575 Et
272 1536 412 1576 Noster
427 1535 645 1587 promiscue
659 1537 789 1575 utitur.
804 1537 962 1576 Faciunt
983 1537 1081 1576 idem
1097 1536 1159 1576 alii
1171 1539 1346 1583 nonnul-1

69 1586 111 1632 ii.
126 1590 198 1631 Sed
213 1591 300 1643 quis
310 1590 387 1629 hoc
401 1589 540 1629 nescit?
560 1589 704 1629 Rmz.

126 1648 199 1684 ead.
213 1646 236 1684 l.
254 1659 312 1693 14.
327 1645 380 1683 Ἐν
396 1642 474 1683 τοῖς
494 1644 676 1695 μεταξὺ)
692 1643 826 1683 Senec.
840 1643 1034 1683 Controv.
1049 1643 1127 1683 IX:
1150 1645 1247 1695 Quid
1255 1647 1347 1697 quod

72 1699 327 1737 laudationibus
345 1700 463 1736 crebris
478 1697 698 1750 sustinentur,
714 1695 749 1736 5³
760 1699 916 1737 memoria
930 1696 1062 1737 illorum
1083 1697 1227 1750 affuevit
1240 1700 1340 1738 cercis

16 1759 17 1781 ἱ
69 1753 259 1791 intervallis
273 1753 429 1806 quiescere
440 1753 460 1790 ?
474 1752 633 1791 SOLAN.

15 1801 17 1810 ’
123 1809 198 1846 ead.
211 1808 234 1845 l.
248 1821 262 1845 1
277 1820 305 1859 ς.
320 1805 397 1845 Τῶν
413 1805 507 1844 ἒποιί
511 1821 570 1843 νων
585 1803 863 1858 διαλείμμασι)
879 1806 1003 1844 Mor-as
1013 1805 1250 1845 laudationum
1264 1816 1342 1846 voi

17 1860 18 1893 l
68 1871 130 1901 cat
156 1861 326 1913 Quintil.
350 1859 456 1912 11,3,
474 1861 546 1898 126
572 1860 611 1898 δι
638 1874 723 1912 ¹31·
743 1859 839 1897 Illud
859 1858 1061 1898 artificium
1087 1859 1343 1900 diffimulandi

17 1915 19 1964 ζ
66 1914 358 1954 haesitationem
372 1926 481 1952 tanto
495 1913 640 1952 felicius
655 1914 886 1966 procedebat
906 1926 1186 1965 nonnunquam
1199 1944 1212 1958 ,
1230 1913 1341 1966 quod

66 1963 239 2008 solebant
260 1969 453 2007 interdum
478 1978 654 2007 oratores
677 1967 758 2006 eius
780 1977 918 2013 notae,
939 1980 1057 2020 quam
1080 1967 1254 2006 describit
1272 1980 1350 2006 noa.

70 2021 157 2071 ster,
171 2024 306 2076 resistere
316 2022 433 2074 subito
445 2051 455 2068 ,
471 2022 506 2060 δ’
526 2022 658 2060 laudem
664 2021 799 2073 silentio
815 2021 968 2073 poscere,
986 2033 1029 2060 ut
1051 2022 1102 2061 ait
1114 2021 1255 2060 Fabius
1267 2022 1290 2060 l.
1305 2035 1340 2062 c.

68 2075 94 2115 s.
113 2090 129 2114 1
140 2091 183 2115 21
192 2107 201 2115 .
216 2078 306 2117 Hoc
318 2089 359 2116 ut
372 2088 559 2130 ponerem
571 2105 585 2121 ,
603 2077 687 2114 dedi
701 2077 828 2114 amico
840 2088 928 2114 meo
941 2075 1060 2115 Fabio
1070 2105 1080 2121 ‚
1096 2087 1119 2114 e
1130 2088 1212 2128 quo
1223 2076 1340 2115 etiam

63 2126 157 2169 illud
171 2130 414 2170 anso'ewmv
432 2129 611 2181 explicari
625 2130 747 2181 potest
759 2159 768 2176 ,
785 2142 873 2168 cum
890 2130 1130 2181 reprehendit
1146 2128 1202 2175 ΙΙ,
1224 2144 1245 2167 2
1257 2159 1269 2177 ,
1291 2144 1341 2181 9,

20 2185 22 2213 l
67 2184 262 2237 affurgendc'
275 2184 562 2236 exsultandique
575 2185 609 2222 in
620 2185 794 2222 laudando
806 2183 984 2222 licentiam.
1002 2183 1187 2235 Alioquin
1201 2196 1339 2223 omnes

67 2239 130 2278 hic
143 2237 403 2292 Sophistarum
424 2238 595 2277 rationes
608 2236 648 2276 δι
663 2236 815 2276 fraudes
830 2236 1003 2289 persequi
1018 2236 1177 2289 longum
1201 2237 1341 2284 fuerit,

66 2292 109 2331 in
123 2306 204 2345 quo
225 2293 360 2332 iuvare
379 2292 576 2331 volentem
600 2292 739 2342 poterit
754 2290 962 2330 Creffolius
985 2292 1021 2329 in
1037 2291 1213 2330 Theatro
1232 2291 1339 2330 Rhe·

67 2356 198 2386 torum
211 2376 223 2392 ,
239 2347 305 2398 qui
319 2347 501 2398 pleraque
525 2346 638 2389 eniam
658 2345 770 2384 huius
793 2344 930 2390 libelli,
949 2345 1038 2384 dum
1057 2345 1229 2389 adhibet,
1252 2346 1337 2383 illu-

67 2399 169 2438 strat.
191 2401 321 2439 Locus
349 2399 520 2439 clafficus
547 2400 593 2438 de
619 2401 717 2438 choro
738 2399 972 2438 laudantium
1005 2398 1254 2451 parasitorum
1280 2397 1335 2438 est

24 2460 25 2485 l
68 2451 164 2493 Plin.
184 2453 301 2507 Epist.
317 2452 376 2500 ΙΙ,
393 2467 452 2502 14.
466 2452 595 2493 stN.

122 2508 214 2558 Pag.
230 2521 316 2556 241.
331 2506 357 2546 l.
373 2522 407 2559 3.
423 2505 767 2559 Διαλαμβέινοντοι)
784 2504 886 2545 Fors.
902 2504 1159 2558 διαλέγονται.
1174 2505 1334 2547 SOLAN.

120 2564 194 2601 ead.
206 2562 231 2602 l.
249 2576 282 2616 ς.
293 2560 335 2601 Ὅ
350 2560 574 2613 Παιανιεὺς)
589 2560 701 2614 Quid
715 2573 783 2614 per
799 2560 895 2600 hanc
915 2560 1121 2601 dietionem
1135 2559 1180 2600 sit
1198 2560 1335 2600 intelli·
