1956 3444
374 261 442 306 IN
477 261 564 307 BIS
603 261 1003 309 ACCUSATUM.
1231 282 1319 325 421

68 353 115 382 ro
127 371 137 388 ‚
155 341 245 395 quin
260 342 351 382 illud
369 344 652 384 ἀναποδείκτων
676 345 712 383 in
726 345 919 384 ἀδυνάτων
939 358 1081 385 mutem
1097 360 1108 394 ·‚
1128 347 1183 385 adi
1199 359 1326 388 tamen

70 400 106 434 B.
118 412 180 446 πρ.
197 410 229 436 c.
246 411 293 444 24
305 426 314 441 ,
330 399 393 436 ubi
408 397 676 437 άναπὸὃεικτον
693 402 952 451 συλλογισμὸν
970 412 1097 438 vocat.
1116 400 1274 443 SOLAN.

123 449 288 488 mansu
301 450 582 490 avawossimwv
599 451 616 503 )
638 451 850 491 Audiamus
872 453 1039 491 breviter
1056 455 1262 504 Apuleium
1279 456 1326 495 de

68 502 188 541 habit.
201 503 320 542 doctr.
336 504 424 543 Plat.
438 504 463 543 s.
476 505 520 544 de
534 506 700 544 hermen.
716 519 750 556 p.
769 520 829 558 37,
843 505 888 544 8:
905 509 966 545 Ex
981 506 1068 557 hisce
1085 508 1190 557 igitur
1205 509 1239 546 in
1253 512 1327 561 pri-

71 555 286 606 mafhrmula
305 559 411 596 modis
432 574 547 596 novem
558 559 659 611 primi
679 572 821 610 quatuor
838 559 1138 611 indemonstrabiles
1152 564 1328 600 nominan-

72 620 148 647 tur:
163 624 228 648 non
244 614 334 662 quod
343 613 552 663 demonstrari
564 624 726 663 nequeant
737 634 781 642 -—-
793 612 857 662 sed
874 614 964 665 quod
982 624 1050 651 tam
1056 615 1225 665 simplices
1238 628 1328 653 tam-

72 678 132 715 que
145 663 395 717 mant'ftflisunt
403 695 417 711 ‚
430 677 467 703 ut
485 667 751 718 demonstratione
772 681 838 704 non
855 678 991 718 egeant,
1004 669 1085 704 adeo
1109 679 1146 704 ut
1161 669 1223 719 iffi
1245 681 1328 707 ccle-

73 730 128 755 ros
144 717 304 767 gignant,
313 720 476 771 fidemque
488 719 554 757 illis
574 719 666 770 exse
679 720 878 772 impertiant.
896 719 1070 759 Poteram
1094 721 1208 772 igitur
1226 721 1329 774 σχῆ-

68 783 130 820 μοι
143 772 272 809 modam
291 773 550 824 interpretari,
568 772 595 811 fi
615 773 829 818 constaret,
848 774 893 811 ad
916 774 1012 812 hanc
1034 772 1148 825 ipsam
1173 775 1328 814 divino-

69 835 157 862 nem
182 825 366 874 pertinere
391 827 756 877 argumentationem
780 826 877 866 hanc
898 825 1096 866 Porticus:
1120 828 1223 880 quod
1248 829 1325 866 iam

70 889 254 928 quaerere
282 891 361 918 non
387 880 571 925 vacabat,
593 880 633 919 &
659 880 722 919 cui
747 891 889 919 temere
909 880 961 919 est
981 892 1127 920 tantum
1152 894 1173 920 a
1195 894 1236 921 re
1260 880 1328 921 sua

70 930 165 970 otii?
183 930 312 971 stN.

126 984 216 1035 Pag.
231 985 293 1038 83.
307 986 329 1024 l.
347 1000 380 1024 2.
393 985 496 1039 Τύχῃ
511 984 559 1034 τῆ
571 985 724 1040 ἀγαθῇ)
743 986 847 1026 Alias
860 987 1084 1040 plerumque
1098 987 1175 1027 fine
1188 988 1331 1028 articu-

70 1035 112 1075 lo
128 1037 219 1078 haec
238 1038 403 1078 formula
422 1040 592 1079 estertur.
606 1041 676 1080 Sed
697 1040 735 1079 &
751 1053 838 1079 cum
854 1053 925 1089 eo3
949 1041 1027 1080 vid.
1048 1042 1093 1080 ad
1114 1043 1226 1081 Alex.
1243 1055 1328 1095 cap.

76 1102 124 1138 14
144 1090 183 1128 δι
201 1091 258 1144 38.
282 1093 423 1131 Rmz.

125 1146 197 1183 ead.
211 1147 233 1185 l.
247 1160 280 1198 3.
291 1147 415 1198 Ἀρετὴ
434 1145 498 1184 καὶ
515 1146 658 1199 Τρυφὴ)
671 1146 811 1186 Forsan
823 1147 947 1197 Ἀρετῇ
962 1148 1035 1187 &c.
1053 1147 1211 1187 SOLAN.

126 1201 199 1236 ead.
215 1201 238 1238 l.
258 1213 313 1238 10.
331 1200 595 1252 Φιλονεικῆτε)
612 1201 720 1252 Quia
736 1213 944 1252 utrumque
963 1202 1057 1240 stare
1073 1202 1195 1253 potest
1207 1232 1217 1250 ‚
1235 1202 1331 1241 nihil

71 1253 233 1290 mutavi.
247 1252 375 1292 Credo
388 1265 514 1292 tamen
531 1254 774 1304 φιλονεικεῖτε
790 1268 835 1294 ex
850 1253 901 1293 O.
916 1255 1219 1306 praeferendum,
1240 1257 1331 1306 quia

72 1304 281 1356 imperandi
303 1308 439 1347 modus
459 1309 641 1347 maiorem
659 1309 717 1347 hic
730 1309 812 1346 vim
831 1309 955 1348 habet.
971 1309 1018 1347 Et
1032 1311 1120 1360 quia
1143 1309 1193 1349 sic
1212 1308 1329 1356 solet,

75 1370 116 1396 ut
130 1372 222 1398 mox
235 1359 259 1399 f.
273 1361 385 1399 huius
399 1373 480 1410 cap.
496 1361 549 1410 μὴ
567 1362 839 1414 ἀγανακτεῖτε.
856 1362 1000 1401 Rmz.

127 1415 200 1456 ead.
213 1414 235 1451 l.
253 1428 310 1462 14
326 1415 394 1453 Koa}
412 1411 516 1454 οὗτος
530 1414 623 1466 διε.)
642 1415 784 1453 Versus
798 1415 976 1454 senarius.
993 1415 1161 1456 GUYET.

129 1469 200 1505 ead.
220 1468 243 1505 l.
263 1481 320 1518 15.
333 1472 378 1505 Tb
393 1467 518 1520 seim)
530 1471 593 1507 Τὸν
604 1468 755 1517 μισθόν·
774 1472 815 1507 τὸ
832 1468 1073 1516 ὃικοιστιιδον,
1086 1469 1190 1521 quod
1211 1467 1333 1521 sequi-

77 1529 153 1566 tur,
179 1520 359 1572 gloffema
371 1521 595 1561 videturmfi
610 1521 727 1562 «Γεῖνα.
741 1521 907 1561 GUYET.

131 1574 218 1626 Pag.
233 1574 296 1623 84.
312 1576 335 1614 l.
351 1590 382 1614 1.
397 1580 424 1614 Τ
427 1579 443 1613 b
457 1575 697 1628 sime-rimu)
718 1576 912 1626 Τριώβολον
928 1575 1107 1627 intelligi,
1129 1575 1226 1615 bene
1249 1588 1334 1614 mo-

75 1628 160 1665 nuit
183 1629 225 1667 L.
248 1629 327 1668 Bos
348 1629 393 1667 de
415 1627 539 1679 Ellips.
558 1643 594 1681 p.
612 1642 696 1675 ¹7¹-
715 1629 832 1668 Conf.
857 1629 967 1680 supra
988 1642 1020 1668 c.
1046 1643 1091 1668 12
1107 1659 1119 1675 ‚
1143 1629 1157 1666 ὅ
1179 1633 1336 1679 μισέςὶς,

75 1681 267 1732 τριώβολον
287 1682 451 1721 ἑκάστης
470 1682 594 1728 sim,
613 1683 738 1734 ibique
759 1694 890 1721 notam
913 1682 1081 1722 Gesneri.
1100 1684 1228 1721 Acute
1245 1684 1335 1734 qui-

78 1735 162 1773 dem
183 1735 368 1786 Guyetus
388 1737 578 1782 coniecit,
597 1738 639 1774 τὸ
664 1736 886 1775 δικαστικὸν
901 1735 1056 1787 gloffam
1082 1737 1222 1781 videri,
1245 1737 1336 1787 quia

79 1787 179 1827 idem
192 1788 258 1836 est,
273 1791 377 1841 quod
391 1793 435 1829 το
451 1789 571 1829 θεῖναι·
586 1801 663 1828 non
677 1801 801 1828 tamen
815 1788 1006 1837 assentior,
1024 1801 1099 1828 tam
1115 1790 1205 1841 quia
1221 1788 1338 1828 Scho-

78 1841 202 1881 liastes
218 1842 439 1882 sinac-nnbat
459 1845 534 1882 iam
551 1842 626 1882 suis
646 1843 683 1880 in
698 1843 975 1894 exemplaribus
995 1844 1106 1893 legit,
1118 1855 1234 1892 quam
1249 1843 1338 1895 quia

77 1895 175 1938 bene
192 1898 371 1948 exponit,
390 1910 457 1949 per
484 1908 720 1936 contemtum
740 1909 820 1934 non
842 1895 1048 1935 nominaffe
1062 1896 1257 1941 triobolum,
1277 1896 1339 1934 sed

80 1948 306 1988 Saum-nm
321 1951 411 1989 illud
429 1950 619 1989 subieciffe
638 1948 704 1988 τοῦ
722 1949 841 1989 ssim.
867 1949 968 1988 Cum
993 1949 1109 2000 igitur
1129 1949 1235 1999 lepos
1257 1948 1340 1987 insit

79 2003 121 2040 in
141 2015 215 2051 eo,
237 2004 391 2043 minime
412 2005 449 2042 id
463 2003 626 2044 eieEmm
650 2003 780 2041 velim.
803 2003 901 2041 Nam
926 2013 967 2041 ut
990 2002 1004 2040 ὁ
1021 2001 1129 2041 δεῖνα
1143 2031 1153 2047 ,
1169 2002 1235 2054 qui
1251 2002 1342 2051 digi-

83 2067 126 2095 to
146 2057 393 2103 monstratur,
419 2059 546 2110 magni
561 2056 649 2109 quid
665 2055 798 2108 praese
811 2055 883 2094 fert
897 2085 906 2100 ,
930 2057 983 2094 ita
1003 2068 1069 2107 per
1086 2057 1214 2094 iocum
1230 2056 1342 2102 dicit,

81 2113 208 2162 grande
225 2111 316 2150 illud
328 2110 465 2150 scilicet
478 2111 704 2150 honorarium.
730 2110 801 2150 Sed
821 2111 955 2149 melius
976 2110 1198 2162 procederet
1220 2120 1342 2148 meta-

84 2164 207 2216 phora
222 2165 284 2203 illa
296 2165 551 2218 deceptionis,
566 2163 593 2202 fi
609 2165 671 2202 vel
684 2165 873 2215 τριώβολον
894 2162 1130 2202 nominando
1148 2163 1261 2201 etiam
1273 2161 1345 2211 μέ-

118 2233 144 2255 οι
161 2218 416 2269 praemisisset,
431 2219 570 2263 dicens,
593 2219 718 2270 gravis
734 2218 795 2255 illa
810 2232 926 2255 merces
938 2217 1117 2256 triobolus:
1137 2229 1273 2255 verum
1291 2215 1348 2253 lu-

84 2232 131 2310 Zt
149 2270 274 2311 forsan
296 2274 335 2310 in
358 2272 600 2324 oppositione
621 2270 690 2310 τοῦ
703 2270 924 2310 ἱικαστικὶν
940 2270 980 2309 &
995 2270 1223 2314 &simo-105,
1244 2269 1347 2308 ideo-

86 2338 162 2377 que
178 2338 281 2377 prius
293 2338 342 2364 eo
357 2328 480 2365 minus
492 2325 613 2364 abeffe
625 2325 755 2377 patiar.
781 2325 925 2363 REITZ.

140 2381 214 2417 ead.
227 2380 249 2417 l.
261 2381 298 2418 6.
311 2379 520 2431 Δικέισετε)
531 2379 648 2418 Sicuti
662 2379 895 2418 coniecerant
909 2376 1124 2429 legendum,
1140 2375 1251 2414 habet
1266 2373 1346 2413 Ox·

88 2444 170 2470 non
185 2431 394 2479 Σικόιο-οιτε,
409 2434 515 2484 quod
531 2433 569 2470 in
585 2431 768 2483 impreffis
783 2431 963 2470 omnibus
976 2429 1039 2468 est.
1063 2430 1121 2469 Sic
1132 2429 1246 2468 etiam
1264 2440 1348 2466 vet-

91 2496 190 2525 terat
210 2485 282 2523 iam
298 2486 489 2538 interpres.
515 2485 671 2525 SOLAN.

144 2541 217 2581 ead.
233 2539 256 2580 l.
277 2552 334 2580 10.
348 2537 526 2593 Δρασμοῦ
535 2540 551 2592 )
575 2538 749 2586 SubaudL
762 2540 805 2579 τὶ
818 2537 917 2590 περὶ,
933 2537 956 2576 i.
971 2550 1004 2577 e.
1009 2551 1100 2630 geg:
1113 2535 1168 2588 «Pp.
1179 2535 1347 2576 GUYET.

1115 2602 1134 2642 3
