1956 3444
371 297 450 341 IN
483 296 579 341 DE
615 294 1033 341 PARASITO.
1158 296 1160 299 '
1245 295 1340 357 469

75 376 171 416 inter
192 376 286 417 alios
307 378 417 418 Plato
441 379 479 418 δι
502 378 735 430 Xenophon.
756 376 911 428 Reliqui
935 375 1017 415 suas
1039 374 1220 430 quistiue,
1244 390 1340 430 qua-

77 443 162 469 rum
179 432 324 471 exstant
338 434 545 471 etiamnum
562 432 761 483 quaedam.
779 430 938 469 SOLAN.

129 488 202 524 ead.
215 487 236 524 l.
252 501 288 538 9.
301 486 402 539 Tivi)
418 491 508 526 Tim
523 484 696 536 adl'crips.
715 483 828 524 Gesn.
841 483 888 522 Et
904 482 991 535 quia
1007 483 1096 523 lunt.
1111 496 1268 536 quoque
1284 484 1336 525 fic

76 537 212 587 habet,
235 538 359 578 forsan
388 538 590 591 praestaret
615 538 665 578 sic
687 539 819 584 edere,
840 537 928 589 quia
955 537 1189 588 aliquantum
1214 539 1337 576 ambi-

77 603 196 642 guum
211 607 284 632 τινι
301 606 373 645 pro
386 592 458 631 ὑπὸ
471 597 581 640 τινὸς,
594 591 748 644 quando
761 591 978 642 adiungitur
993 589 1175 629 eiusmodi
1191 592 1313 631 verbo
1323 622 1336 638 ,

77 646 182 697 quod
195 647 305 685 etiam
321 647 492 686 dativum
511 646 593 698 post
613 645 649 684 se
671 656 774 684 amat
787 675 798 692 ,
814 645 871 683 uti
885 643 1058 696 pluribus
1076 644 1337 684 demonstravi

78 697 116 738 in
132 699 231 738 libro
248 702 286 738 de
306 700 464 753 Ambigg.
481 700 558 739 Tit.
574 699 708 739 Dativ.
723 699 821 738 Nam
828 698 990 751 scriptum
1001 727 1014 742 ,
1033 698 1152 735 Δὶέῖαηι
1174 700 1216 750 est
1233 699 1336 746 milii,

76 765 149 803 pro
165 768 188 790 a
205 767 253 792 me
265 783 277 799 ‚
295 755 539 806 ambiguitate
562 766 639 791 non
660 764 772 792 caret.
789 753 936 791 Verum
956 751 1045 803 quia
1065 754 1153 803 πρὸς
1170 753 1339 803 παράσι-

76 819 142 849 τον
156 807 313 854 additur,
329 806 413 848 satis
428 818 529 860 patet
542 805 687 854 sensus,
705 820 876 858 nunquam
894 821 916 843 a
930 819 1096 857 quoquam
1101 804 1266 857 scriptam
1284 806 1338 844 α’ἱ-

78 874 152 898 cam
167 861 328 912 adversus
346 864 554 914 parasttum‚
578 860 741 912 ideoque
757 859 951 911 vulgatam
972 871 1051 897 non
1075 859 1242 897 mutavi:
1264 871 1338 898 nec

79 912 302 953 testimoniis
320 928 431 967 egere
447 926 576 967 putem
588 944 601 959 ,
623 914 793 952 dativum
807 915 919 952 etiam
935 911 1093 952 Graecis
1107 912 1155 950 ita
1171 912 1339 951 additum

77 968 206 1006 verbis
225 967 376 1020 paffivis
397 968 594 1021 personam
617 978 789 1019 agentem
810 978 945 1005 notare
959 995 969 1012 ,
991 965 1134 1018 alioqui
1158 964 1336 1005 afferrem

79 1020 154 1060 hoc
176 1021 291 1061 Diod.
306 1023 378 1062 Sic.
400 1023 471 1067 lv,
491 1036 526 1067 1,
547 1022 687 1074 εἴρηται
711 1021 796 1071 ἡμῖν
818 1021 853 1060 ἐν
874 1018 963 1059 ταῖς
987 1020 1262 1071 προειρημέναις
1278 1019 1338 1073 βέ-

79 1075 198 1121 Biton,
213 1076 332 1115 diffum
350 1079 392 1129 est
415 1092 439 1115 a
458 1077 554 1115 nobis
576 1075 650 1115 &c.
682 1075 888 1114 Herodian.
913 1073 952 1120 I,
971 1088 991 1112 2
1004 1103 1017 1119 ,
1037 1087 1060 1124 9
1074 1103 1085 1119 ,
1105 1072 1179 1112 ὅσοι
1191 1074 1258 1123 μὲν
1274 1070 1334 1113 οὖν

79 1128 202 1177 ἐκείνῳ
224 1130 449 1181 ,πέπρακται
468 1128 632 1181 ἀνδρεῖοι.
655 1129 837 1168 Nostrum
856 1128 942 1166 lov.
957 1127 1074 1178 Trag.
1094 1140 1126 1165 c.
1145 1141 1168 1175 7
1185 1140 1241 1179 pr.
1260 1128 1338 1179 ἄρι-

77 1195 157 1222 στα
173 1181 396 1237 κεκήρυκταί
418 1199 499 1232 σοι,
521 1183 558 1221 δι
580 1182 709 1221 similia
728 1183 870 1234 ubique
889 1181 1019 1220 obvia.
1044 1181 1192 1219 ΚΕΗ-Ζ.

134 1238 209 1276 ead.
228 1237 251 1275 l.
269 1251 282 1275 i
295 1252 325 1275 1.
338 1237 408 1275 Tov‘
424 1237 497 1276 τῶν
511 1236 662 1289 ῥητὸρων
676 1236 691 1290 )
707 1237 810 1275 Male
824 1236 1013 1275 exciderat
1025 1235 1127 1274 artic.
1144 1233 1213 1274 τοῦ
1228 1234 1265 1273 ἰη
1280 1234 1339 1275 ed.

82 1289 205 1331 Reitz.
225 1304 339 1344 quem
354 1290 591 1343 reposuimus
607 1304 654 1329 ex
666 1290 746 1330 edd.
759 1290 798 1328 S.
813 1291 860 1329 B.
871 1304 906 1337 4.
921 1289 960 1328 &
975 1287 1046 1327 Ms.
1062 1288 1239 1342 Reg.301
1254 1302 1283 1326 1.

135 1349 208 1383 ead.
222 1345 246 1383 l.
266 1358 324 1398 15.
349 1346 494 1385 Κακοὺς
518 1343 645 1384 κακῶς
668 1343 952 1395 ἁποθανὸντιις)
977 1343 1122 1381 Amant
1139 1342 1178 1381 δι
1198 1341 1338 1381 Graeci

79 1397 292 1437 huiusmodi
308 1400 551 1450 repetitiones
568 1398 737 1437 adverbii
756 1398 920 1449 cognati.
934 1396 1128 1448 Aristoph.
1147 1396 1196 1434 Pl.
1220 1409 1257 1434 v.
1273 1396 1342 1445 65,

87 1475 131 1482 -
147 1452 223 1490 ἀπὸ
247 1452 281 1491 α’
298 1452 372 1491 aa&
386 1456 496 1491 κακὸν
521 1452 654 1491 κακῶς.
680 1451 772 1491 Ibid.
797 1451 873 1501 418
889 1481 901 1499 ‚
919 1472 963 1480 --
979 1449 1095 1500 ἐξολῶ
1118 1448 1254 1488 κακοὺς
1272 1463 1341 1486 κοι-

81 1506 166 1544 uelit.
186 1505 362 1558 Alciphr.
383 1506 459 1553 III,
477 1505 588 1557 Epist.
605 1505 652 1545 28
671 1504 695 1544 f.
710 1509 826 1544 κακὸς
844 1504 969 1543 κακῶς
992 1504 1161 1543 ἀπόλοιο.
1177 1504 1270 1543 Item
1288 1502 1338 1542 ib.

84 1559 154 1613 Ep.
171 1560 220 1608 48
238 1573 293 1611 pr.
310 1561 383 1600 ἃς.
402 1560 462 1599 Ne
476 1560 567 1612 quid
584 1560 693 1612 plura
708 1559 746 1598 in
760 1573 800 1598 re
815 1569 917 1597 nota.
932 1558 1076 1596 REITZ.

136 1615 171 1652 in
184 1615 299 1654 Schol.
315 1615 378 1653 col.
397 1628 429 1653 2.
443 1615 468 1653 l.
491 1628 521 1652 1.
535 1613 773 1666 Ἀποίσεται)
788 1614 887 1665 Lege
902 1611 1111 1651 ἐποίσετοιι.
1126 1609 1284 1650 SOLAN.

139 1668 230 1718 Pag.
250 1669 367 1719 150.l.
386 1682 417 1706 1.
440 1667 655 1719 Φαρμάκῳ)
672 1667 878 1707 Socratem.
895 1666 1065 1706 GUYET.
1089 1664 1275 1717 Φαρμάκῳ
1291 1686 1335 1693 -

82 1723 430 1774 καταπρησὲέντας
447 1745 492 1754 —-
507 1721 727 1774 δυσουρίας)
741 1721 917 1761 Socrates
927 1750 937 1768 ,
952 1719 1167 1759 Heraclitus
1177 1749 1190 1765 ,
1205 1718 1342 1771 Epicu·

81 1788 159 1814 rus.
176 1786 230 1813 LA
244 1775 399 1814 CROZE.

137 1830 216 1868 ibid.
230 1827 609 1880 Καταπρησόέντας)
627 1828 687 1867 Ad
712 1827 950 1880 Empedoclis
971 1827 1007 1866 in
1027 1826 1174 1866 Aetnae
1195 1835 1342 1865 cratera

85 1882 278 1922 insilientis
301 1895 462 1922 mortem
494 1882 646 1930 referri,
667 1895 745 1920 non
772 1883 921 1920 videtur
947 1882 1126 1926 dubium,
1146 1893 1232 1918 cuni
1256 1892 1342 1917 eam

85 1936 196 1989 saepe
215 1937 304 1975 alias
327 1937 444 1975 rideat
463 1937 663 1975 Lucianus.
684 1935 809 1987 Quod
828 1946 955 1974 autem
980 1935 1018 1973 in
1037 1934 1203 1974 Scholiis
1222 1934 1346 1972 Hera-

87 1990 201 2030 clitus
220 1990 280 2029 hic
301 1991 537 2036 nominatur,
553 1991 744 2029 turbatum
762 1989 901 2041 aliquid
924 1988 996 2028 effe
1021 1999 1128 2040 puto.
1155 1987 1216 2027 Ad
1239 1986 1344 2025 illum

86 2045 216 2097 potius
235 2044 425 2083 retulerim
442 2043 569 2097 φυγὴν
584 2043 609 2082 s.
624 2043 791 2082 exsilium
803 2072 814 2089 ,
833 2044 938 2095 quod
950 2052 1228 2081 commemorat
1241 2052 1348 2092 prae-

88 2110 145 2137 ter
160 2097 283 2150 Diog.
307 2098 429 2138 Laert.
448 2112 495 2150 9,
517 2110 574 2148 15,
595 2098 706 2136 etiam
724 2097 991 2148 Athenagoras
1006 2096 1105 2145 apol.
1121 2108 1152 2134 c.
1178 2108 1241 2142 27,
1256 2106 1340 2146 pag.

93 2165 161 2205 123
182 2151 362 2190 Dechair.
382 2151 453 2190 Sed
468 2152 616 2190 videtur
630 2152 740 2190 etiam
759 2151 928 2189 auctiore
945 2151 1002 2188 hic
1016 2149 1163 2188 Codice
1177 2147 1348 2187 Scholia-

91 2205 162 2244 stes
177 2205 277 2244 usus.
293 2205 526 2244 Antisthenis
537 2217 631 2243 vero
645 2205 876 2244 mentionem
892 2204 1039 2256 peperit
1053 2202 1166 2242 credo
1183 2202 1344 2240 verbum

89 2257 358 2310 φθινήσαντας,
372 2260 477 2311 quod
498 2259 543 2298 de
560 2259 695 2311 phthisi
710 2259 879 2311 accepit,
900 2271 976 2310 qua
993 2255 1135 2309 periiffe
1150 2256 1252 2294 illum
1273 2266 1348 2293 tra-

91 2315 142 2353 dit
158 2312 276 2364 Diog.
290 2313 412 2352 Laert.
427 2313 469 2358 6,
492 2327 550 2364 19.
565 2312 690 2352 GESN.

147 2370 219 2405 ead.
248 2368 271 2405 l.
295 2380 328 2405 2.
352 2366 444 2403 Ἀπὸ
462 2365 685 2418 Συσουρίοις)
708 2365 926 2417 Epicurum.
947 2363 1111 2404 GUYET.
1135 2362 1347 2413 Epicurum

93 2419 212 2459 Stoici
229 2420 326 2458 male
339 2419 567 2470 accipiebant
579 2450 590 2467 ,
603 2421 709 2470 quod
722 2420 861 2458 diceret
880 2418 1082 2468 ὃνσουρικὲι
1095 2417 1157 2454 καὶ
1176 2415 1352 2455 sufem-

94 2476 178 2525 ρικὲι
195 2473 295 2511 πάθη
320 2472 387 2511 sibi
407 2473 561 2513 molesta
581 2473 653 2512 effe
673 2487 730 2523 ap.
755 2472 837 2511 Cic.
861 2472 966 2510 Fam.
988 2486 1034 2518 7,
1057 2471 1117 2509 26.
1139 2470 1183 2508 Et
1203 2469 1352 2519 Dioge-

99 2539 168 2567 nes
182 2527 305 2566 Laert.
328 2539 373 2564 io
387 2557 398 2573 ‚
419 2539 460 2578 15
477 2555 488 2573 ,
505 2528 582 2574 ait,
603 2540 691 2566 eum
711 2524 938 2568 τελευτῆσαι
953 2524 1035 2574 λίθῳ
1056 2522 1128 2563 τῶν
1146 2523 1250 2576 οὔρων
1269 2521 1353 2561 ἐστιν

101 2580 322 2633 σχεθέντων.
342 2579 472 2623 GESN.

987 2630 1117 2684 Gg3
