1956 3444
536 254 627 315 5ffi
732 250 1610 301 ANNOTATIONES

529 339 682 380 Musas!
704 342 768 381 cui
794 341 901 381 bono
925 342 988 381 hic
1011 341 1103 382 illud
1125 343 1249 381 aliter?
1268 342 1419 389 Immo,
1439 359 1507 382 non
1532 346 1623 396 quod
1634 356 1749 384 temere
1765 343 1808 386 81

529 393 695 434 futiliter
710 396 865 448 historiae
877 397 1069 435 narratione
1085 413 1134 435 me
1147 399 1305 448 ostentare
1318 398 1406 436 volo.
1426 397 1571 437 GRON.

584 450 659 487 ead.
675 448 699 486 l.
718 463 732 487 1
747 462 776 486 1.
800 451 869 489 Καὶ
891 453 951 489 τὸν
975 450 1117 489 Κνίδιον
1144 452 1376 502 Σώστρατον·
1401 453 1467 490 τὸν
1483 451 1550 500 μὲν
1573 451 1808 502 Πτολεμαῖον

530 502 825 554 χειρωσάμενον,
840 504 902 542 καὶ
916 503 982 544 τὸν
997 504 1178 557 Μέμφιν)
1196 505 1384 543 Sostratus
1405 504 1468 543 ille
1480 505 1637 544 Cnidius
1652 504 1721 545 fuit
1735 519 1805 546 ce-

531 556 758 596 leberrimus
774 557 835 596 ille
849 557 1095 596 Architeclus
1109 588 1118 601 ,
1137 559 1204 610 qui
1220 558 1352 597 turrim
1371 558 1410 596 in
1423 558 1547 597 Pharo
1565 559 1686 598 insula
1704 560 1805 600 aedi-

531 609 666 648 ficavit
681 640 690 656 ‚
708 611 754 650 de
768 624 850 662 quo
871 611 1009 651 Strabo
1024 612 1063 650 L.
1080 611 1217 659 XVII,
1240 611 1332 650 Plin.
1360 612 1400 650 L.
1426 613 1625 658 XXXVI,
1639 626 1724 666 cap.
1747 628 1806 654 12.

529 663 612 716 Ipse
628 677 724 703 vero
737 665 864 704 noster
879 665 1071 705 Lucianus
1085 664 1216 717 supra,
1234 665 1294 703 lib.
1312 665 1465 717 Quom.
1484 666 1577 706 Hist.
1600 666 1709 706 scrib.
1731 668 1806 708 Sed

530 719 636 770 quod
653 720 702 757 ait
719 718 794 757 hoc
815 719 904 758 loco
924 720 1114 758 Lucianus
1138 721 1183 758 de
1198 719 1416 758 Ptolemaeo
1438 719 1479 759 &
1504 721 1676 772 Memphi
1694 730 1806 772 capta

530 785 601 824 per
626 772 703 811 Nili
720 772 975 812 diverfionem
988 803 999 818 ‚
1017 773 1193 824 exspecto
1206 804 1219 819 ‚
1238 775 1302 826 qui
1321 774 1396 813 hoc
1415 787 1475 812 me
1493 775 1647 814 doceat:
1672 775 1808 814 nullibi

531 827 635 865 enim
655 840 821 878 unquam
839 827 911 880 legi
928 829 1026 867 hanc
1041 827 1260 874 historiam,
1284 827 1323 867 &
1349 828 1432 880 quis
1457 826 1568 867 fuerit
1590 829 1650 868 ille
1672 828 1808 868 Ptole-

530 893 664 919 maeus
676 912 685 925 ‚
705 882 866 919 omnino
883 894 942 920 me
955 881 1064 930 latet,
1082 882 1119 920 δι
1134 882 1179 920 (16
1194 894 1238 919 63
1256 882 1450 933 Memphis
1465 883 1674 921 rebellione
1695 882 1806 923 silent

531 933 720 973 historiae.
732 935 948 973 Tentabam
964 948 1022 973 me
1035 937 1221 974 extricare
1234 934 1480 987 legendoprqz
1491 936 1560 986 μὲν
1577 937 1805 987 Πτολεμαίῳ

531 990 814 1040 χειρωσάμενον
830 988 898 1028 τὴν
916 989 1074 1038 Μέμφιν,
1095 990 1131 1028 1(1
1153 988 1228 1033 est,
1243 991 1300 1042 qui
1319 991 1512 1029 Ptolemaeo
1527 990 1670 1041 subiecit
1687 992 1807 1029 ,Mem-

527 1043 626 1094 phin.
644 1043 742 1081 Nam
761 1042 1000 1082 Ptolemaeus
1017 1043 1301 1093 Philadelphus,
1319 1044 1426 1083 cuius
1445 1056 1619 1095 tempore
1632 1044 1729 1082 vixit
1746 1043 1809 1084 ille

532 1095 556 1135 S
561 1098 747 1144 o‚{†ratus
770 1098 808 1135 δι
827 1110 906 1149 quo
928 1099 1138 1158 imperante
1160 1097 1200 1135 ὃ(
1215 1096 1360 1136 sumtus
1376 1096 1644 1159 suppeditante
1659 1097 1809 1137 exstru-

530 1151 586 1187 xit
603 1151 702 1188 illam
719 1151 906 1190 celebrem
926 1152 1060 1190 turrim
1084 1165 1118 1189 in
1139 1150 1263 1190 Pharo
1287 1150 1427 1199 insula,
1456 1153 1552 1191 inter
1572 1153 1718 1192 amicos
1741 1152 1809 1191 ha-

531 1204 615 1242 buit
643 1205 748 1242 illum
775 1204 985 1244 Sostratum
1010 1205 1211 1251 Cnidium
1231 1218 1301 1244 nec
1328 1206 1643 1258 unquam‚quod
1668 1205 1776 1245 sciam
1793 1235 1807 1254 ‚

531 1271 603 1297 nec
619 1258 666 1297 ab
681 1260 749 1298 illo
766 1272 834 1298 nec
850 1260 898 1298 ab
911 1260 985 1298 3110
1001 1271 1134 1312 captus
1147 1259 1208 1297 est.
1226 1259 1290 1298 De
1312 1258 1534 1298 Ptolemaeo
1552 1259 1736 1299 Cerauno
1755 1260 1809 1299 di-

532 1312 612 1358 ξ10,
635 1314 763 1352 incidit
780 1314 868 1351 mihi
883 1314 1067 1365 quaedam
1084 1313 1259 1366 suspicio,
1279 1313 1372 1353 haec
1386 1313 1632 1366 intelligenda
1644 1313 1729 1360 esse,
1748 1314 1814 1353 sed*

532 1366 612 1405 sine
628 1366 868 1406 auetoritate.
895 1369 993 1406 Nam
1020 1368 1259 1407 Ptolemaeus
1284 1368 1346 1406 ille
1372 1367 1575 1407 Ceraunus
1599 1368 1719 1407 (1161115
1745 1369 1809 1408 vir

532 1434 718 1473 praeceps
735 1421 830 1469 fuit,
846 1423 881 1460 δι
899 1422 944 1461 ad
966 1422 1123 1460 audacia
1142 1421 1522 1473 facinmapromrus,
1545 1423 1586 1461 ὅ(
1610 1423 1698 1474 qui,
1716 1434 1811 1462 cum

532 1486 624 1512 natu
642 1476 765 1513 maior
779 1474 946 1514 filiorum
962 1475 1167 1514 Ptolemaei
1188 1475 1358 1515 [Soteris
1380 1475 1468 1514 dieti
1483 1475 1596 1522 esset,
1611 1488 1633 1514 a
1660 1476 1817 1515 minore

531 1540 623 1566 natu
641 1529 887 1580 Philadelpho
901 1529 1161 1580 supplantatus
1177 1529 1320 1574 fuerat,
1342 1542 1447 1580 patre
1463 1531 1663 1569 communi
1680 1529 1813 1569 faven-

530 1593 570 1620 te
588 1581 856 1635 Philadelpho,
871 1596 949 1622 non
968 1584 1101 1622 dubito
1113 1614 1124 1629 ,
1142 1584 1232 1635 quin
1248 1584 1375 1622 omnia
1394 1584 1599 1622 tentaverit
1612 1614 1624 1629 ,
1639 1595 1680 1622 ut
1693 1583 1813 1623 Phila-

534 1636 717 1697 delphum
731 1637 951 1686 expelleret.
968 1637 1102 1689 Itaque
1119 1636 1300 1689 suspicor,
1314 1650 1401 1676 eum
1418 1638 1618 1689 Memphin
1631 1637 1813 1688 occupas-

533 1690 572 1728 se
586 1721 595 1737 ‚
616 1705 654 1728 in
670 1704 747 1743 qua
764 1690 928 1730 obsessus
944 1705 961 1729 a
980 1690 1116 1730 fratre
1110 1705 1181 1730 iam
1204 1704 1385 1743 regnante
1401 1690 1491 1738 fuit,
1513 1692 1553 1731 &
1576 1703 1723 1744 captus.
1738 1690 1817 1732 Sed

533 1754 686 1790 tamen
711 1744 736 1783 si
762 1757 895 1797 captus
915 1745 1006 1791 fuit,
1032 1746 1260 1785 credendum
1286 1745 1358 1790 est
1378 1759 1484 1798 patre
1505 1746 1631 1786 adhuc
1652 1747 1812 1785 vivente

531 1797 775 1844 Ptolemaeo
793 1800 953 1845 Sotere,
976 1800 1038 1838 seu
1058 1800 1145 1851 Lagi
1161 1799 1285 1845 (11ξ10,
1312 1800 1348 1839 id
1364 1799 1553 1861 accidisse,
1577 1800 1743 1840 scilicet
1735 1813 1810 1839 iam

533 1866 571 1904 pi
565 1855 619 1890 civ
626 1866 713 1899 ato,
738 1855 775 1892 (31
806 1867 947 1906 regnan
953 1866 988 1892 ze
1016 1854 1284 1905 Philadelpho,
1314 1855 1376 1893 cui
1407 1867 1567 1907 regnum
1593 1855 1812 1907 reliquerat.

535 1907 634 1946 Nam
660 1907 685 1945 si
710 1919 817 1960 patre
843 1909 914 1946 iam
942 1920 1099 1947 mortuo
1128 1906 1390 1948 rebellaffet&
1410 1921 1546 1961 captus
1568 1907 1715 1957 fuisset,
1730 1921 1812 1947 non

533 1961 586 2000 est
607 1962 805 2009 credibile,
838 1962 1118 2014 Philadelphum
1142 1975 1229 2001 eum
1253 1963 1389 2001 vivum
1419 1962 1610 2011 dimisisse,
1636 1963 1710 2015 qui
1726 1961 1812 2015 post

533 2017 650 2067 patris
671 2029 834 2054 mortem
862 2016 961 2055 duos
984 2016 1118 2055 fratres
1138 2015 1382 2055 Leontiscum
1405 2017 1444 2056 ὅ(
1464 2018 1663 2069 Argaeum
1685 2017 1812 2069 (quo-

532 2083 617 2108 run.
638 2070 695 2110 hic
712 2084 750 2110 11-
742 2071 870 2109 'timus
886 2083 933 2110 ex
949 2072 1079 2110 eadem
1099 2083 1218 2110 matre
1238 2071 1420 2110 Berenice
1434 2084 1545 2110 natus
1564 2070 1675 2123 erat)
1689 2070 1816 2110 occidi

534 2126 711 2172 curavit,
727 2137 806 2163 non
821 2134 897 2162 tam
915 2125 1130 2176 praecipitis
1151 2125 1328 2164 audaciae
1346 2126 1473 2170 viros
1494 2138 1564 2165 nec
1580 2136 1686 2164 tanta
1707 2125 1812 2164 iniu-

532 2179 587 2216 ria
604 2177 773 2217 affestos.
789 2178 826 2216 Si
842 2179 1084 2220 conieclurae
1099 2180 1327 2218 credendum
1345 2178 1397 2217 est
1410 2210 1422 2227 ‚
1438 2178 1502 2218 ista
1520 2179 1615 2218 haec
1633 2192 1715 2218 mea
1732 2191 1813 2217 non

535 2232 587 2271 est
605 2232 682 2271 sine
705 2232 1044 2272 verisimilitudine.
1061 2233 1097 2272 Si
1112 2234 1200 2285 quis
1222 2233 1334 2286 super
1357 2233 1431 2272 hoc
1454 2233 1544 2272 loco
1565 2235 1730 2273 certiora
1745 2233 1814 2271 do-

534 2288 679 2332 cuerit,
698 2288 835 2338 gratias
859 2299 968 2339 agam
994 2286 1261 2326 lubentimme
1286 2286 1424 2326 PALM.
1449 2287 1590 2327 Donec
1606 2288 1672 2326 lux
1689 2286 1815 2325 maior

536 2340 742 2393 affulgeat,
765 2345 891 2378 Uro)
877 2341 994 2391 εμαίῳ
1011 2342 1211 2401 legendum
1227 2340 1379 2385 censeo,
1397 2354 1494 2385 non
1512 2352 1554 2380 ut
1572 2342 1610 2380 in
1624 2341 1728 2379 libris
1746 2339 1815 2388 est,

536 2394 789 2444 Πτολεμιιῖον.
804 2395 943 2434 Narrat
961 2383 1183 2435 Pausanias
1176 2408 1213 2433 in
1230 2396 1311 2433 Att.
1328 2394 1395 2433 sub
1409 2394 1655 2447 Philadelpho
1668 2370 1823 2433 defecis’-

533 2448 570 2487 16
585 2449 720 2488 Gallos
739 2450 1015 2496 mercenarios,
1033 2450 1072 2488 &
1095 2451 1142 2488 ab
1160 2462 1207 2488 eo
1224 2449 1261 2487 in
1277 2448 1402 2488 11111113
1420 2450 1496 2489 Nili
1521 2449 1620 2489 fame
1635 2447 1818 2488 consum-

534 2513 607 2542 tos.
626 2503 658 2540 V
667 2503 746 2597 ides,
769 2515 818 2540 an
840 2504 925 2544 inde
944 2504 1061 2558 aliqui
1063 2504 1086 2544 d
1101 2503 1188 2544 elici
1204 2501 1342 2557 poffit,
1357 2515 1438 2558 quo
1457 2504 1572 2543 liuius
1591 2502 1677 2546 fasti
1691 2510 1820 2557 pateas

536 2569 562 2596 v
570 2557 680 2597 critas
742 2566 876 2596 OLAN.
