1956 3444
569 251 662 314 5oe
758 240 1643 293 ANNOTATIONES

564 337 712 376 artibus
731 349 778 376 ac
797 335 961 375 scientiis
983 332 1060 372 vid,
1081 331 1254 373 Philostr.
1277 332 1318 372 L.
1343 331 1455 372 IVit.
1471 331 1591 386 Soph'⁶
1616 326 1837 387 XLibique

564 390 765 430 Olearium
778 421 790 438 ‚
810 390 878 442 qui
896 402 945 428 ex
971 388 1128 427 Platone
1141 418 1153 434 ‚
1167 387 1208 426 &
1225 387 1399 426 Luciano
1424 387 1535 439 plura
1559 388 1605 427 de
1625 388 1759 427 eodem
1779 387 1836 426 af-

566 443 660 491 fert,
679 456 837 496 arteque
857 442 926 482 fibi
942 442 1169 481 memoriam
1191 439 1424 492 comparaffe
1445 441 1581 487 docet,
1596 442 1646 480 ita
1660 452 1703 480 ut
1722 442 1836 493 quin-³

565 500 750 551 quaginta
762 497 955 536 vocabula
967 495 1079 534 semel
1094 495 1224 533 audita
1237 494 1372 534 eodem
1385 495 1517 534 ordine
1531 496 1689 535 recitare
1701 494 1839 548 poffet,

565 551 719 604 effeque
739 551 882 603 insigne
896 550 1108 589 memoriae
1122 560 1403 600 argumentum,
1418 550 1523 599 quod
1538 562 1673 588 omnes
1687 549 1766 588 fere
1779 562 1838 587 ara

565 616 623 645 tes
638 605 874 658 percalluerit
886 633 898 651 ,
914 603 1199 654 ostenderitque
1212 603 1248 640 in
1264 602 1460 654 Olympiis
1473 603 1646 650 anulum,
1660 602 1840 655 sigillum,

565 659 768 712 strigilem,
792 659 991 698 vasculum
1019 657 1339 709 unguentarium,
1370 655 1523 701 soccos,
1558 656 1738 709 pallium,
1771 657 1837 695 in·

564 715 727 754 terulam
741 745 752 761 ,
765 712 959 765 cingulum
976 743 987 760 ,
1006 711 1168 763 propriis
1192 711 1368 749 manibus
1392 709 1592 756 confecta,
1609 723 1656 749 ex
1681 709 1773 749 Plat.
1795 710 1838 749 in

565 769 709 820 Hippia
724 768 868 806 maiore
882 781 919 820 p„
938 779 1003 818 97.
1018 764 1157 804 Cetera
1175 765 1256 802 vid⁶
1271 765 1357 802 ibid.
1375 764 1415 803 δι
1437 764 1521 817 lege
1542 764 1809 804 philostratum
1822 789 1839 812 ,

564 822 719 874 opificia
733 821 905 873 artesque
918 822 1001 858 eius
1016 831 1316 858 enumerantem.
1332 818 1480 857 Verum
1497 819 1616 870 magis
1636 817 1835 870 stupenda,

565 877 611 915 de
626 876 810 915 memoria
826 887 905 914 non
920 885 1000 912 arte
1015 884 1146 924 parata
1157 901 1166 919 ,
1183 871 1243 911 sed
1262 885 1283 910 a
1298 882 1436 910 natura
1448 872 1604 918 donata,
1623 871 1696 924 legi
1712 883 1839 922 quon6

566 931 652 970 dam
665 961 678 977 ‚
692 932 728 968 ni
754 929 880 975 fallor,
903 928 938 966 in
957 926 1071 980 [pist.
1089 927 1260 972 Mureti,
1274 925 1318 964 de
1338 938 1459 977 puero
1472 954 1483 973 ‚
1503 926 1730 979 quialiquot
1745 937 1838 965 cen·-

565 996 656 1024 tena
684 983 1000 1027 vocabulorum,
1029 981 1251 1033 peregrina,
1272 978 1531 1031 cuiuscunque
1563 979 1744 1032 linguae,
1771 978 1838 1018 vel

563 1039 659 1078 nihil
674 1039 785 1077 etiam
801 1035 1060 1089 significantia,
1072 1033 1185 1073 semel
1201 1033 1329 1072 audita
1345 1035 1513 1085 potuerit
1527 1035 1687 1073 recitare
1700 1032 1838 1072 eodem

563 1094 719 1140 ordine,
739 1091 825 1130 dein
843 1100 949 1129 retro
961 1119 971 1137 ‚
992 1089 1156 1140 denique
1171 1100 1236 1140 per
1251 1086 1385 1132 saltus,
1402 1099 1446 1126 ut
1461 1088 1613 1126 tertium
1629 1114 1642 1134 ‚-
1667 1086 1838 1133 sextum,

563 1159 738 1191 nonum,
761 1146 800 1184 &
820 1144 1180 1196 quomodocunque
1202 1141 1358 1180 iufferis.
1378 1140 1442 1180 De
1468 1153 1549 1180 arte
1573 1152 1700 1180 autem
1730 1153 1839 1179 mne-

564 1202 717 1240 monica
728 1228 740 1246 ‚
755 1200 800 1237 de
815 1212 893 1250 qua
907 1197 1038 1237 Lamb.
1053 1197 1127 1236 Th.
1148 1195 1394 1235 Schenkelius
1410 1208 1454 1234 ac
1470 1195 1584 1234 Buno
1600 1195 1637 1233 in
1647 1195 1737 1234 {dea
1751 1193 1838 1234 hist.

561 1253 787 1294 universalis
813 1254 955 1304 aliique
978 1264 1092 1303 egere
1106 1280 1117 1297 ‚
1141 1250 1236 1289 nihil
1250 1250 1381 1288 addam
1394 1278 1407 1297 ,
1426 1250 1516 1303 quia
1535 1250 1580 1288 ad
1595 1249 1768 1289 delirium
1785 1246 1840 1288 se-

563 1309 729 1348 &atores
746 1307 836 1346 suos
848 1307 983 1358 adegit.
998 1307 1147 1344 Rmz.

617 1366 693 1402 ead.
714 1364 738 1401 l.
762 1362 898 1400 12.‘'Ov
922 1359 1151 1412 ’παραλαβὼν
1173 1360 1279 1397 κατὰ.
1296 1357 1443 1407 θάτερα,
1460 1357 1511 1397 εἰς
1536 1355 1744 1409 ὑπερβολὴν
1762 1362 1840 1395 ‘tou

562 1417 710 1470 πεινὶν)
731 1415 916 1455 Reddunt
939 1415 1163 1466 interpretes
1176 1443 1187 1460 ‚
1207 1428 1302 1465 quem
1327 1427 1371 1450 ex
1389 1424 1530 1464 utra-que
1542 1422 1641 1464 parte
1655 1411 1777 1450 mirum
1800 1410 1838 1449 itt

563 1473 697 1512 modum
713 1469 871 1524 humilem
887 1469 1076 1519 accipiens,
1091 1478 1133 1506 ut
1156 1477 1316 1519 apparet
1327 1497 1337 1513 ‚
1361 1479 1440 1505 non
1463 1465 1808 1504 animadvertentes
1825 1493 1839 1513 ,

557 1524 888 1578 quemadmodum
914 1521 982 1575 ipfi
1003 1532 1179 1561 evertant
1208 1519 1361 1571 prorsus
1390 1520 1487 1558 hanc
1513 1518 1618 1558 suam
1647 1519 1841 1557 narratio·

560 1591 665 1618 nem.
689 1578 728 1616 Si
753 1578 853 1617 enim
876 1575 949 1615 fuit
968 1576 1071 1621 talis,
1096 1575 1171 1614 hoc
1193 1573 1267 1617 est,
1285 1586 1333 1613 ex
1353 1584 1515 1625 utraque
1534 1586 1640 1625 parte
1658 1572 1839 1620 humilis,

557 1632 762 1686 quomodo
782 1630 854 1669 fuit
880 1628 1059 1669 acclivis?
1081 1629 1226 1682 Utique
1250 1627 1302 1667 fic
1325 1627 1508 1667 debuiffet
1527 1628 1664 1666 addere
1683 1626 1837 1673 ευέὶοῑ,

560 1688 752 1726 acclivem
776 1683 885 1724 fuisse
909 1685 948 1723 in
967 1683 1107 1723 medio.
1130 1683 1202 1723 Sed
1225 1682 1366 1722 clarius
1388 1680 1425 1721 se
1449 1681 1645 1721 destruunt
1673 1693 1740 1733 per
1764 1693 1808 1719 ea
1823 1705 1839 1727 ,

559 1754 661 1793 quae
676 1753 773 1780 mox
786 1739 1015 1791 sequuntur,
1033 1751 1120 1777 cum
1144 1736 1314 1775 statuunt
1331 1749 1420 1775 eum
1442 1735 1571 1775 locum
1594 1735 1709 1776 talem
1729 1733 1839 1774 fuiffe

560 1796 668 1835 alteri
683 1805 904 1846 aequatum.
929 1792 1005 1832 Cui
1017 1792 1069 1831 illi
1082 1790 1213 1831 alteri?
1231 1804 1279 1829 an
1293 1789 1408 1830 loco?
1424 1802 1502 1828 non
1516 1801 1635 1834 certe,
1652 1802 1722 1828 nec
1735 1788 1839 1827 enim

560 1850 691 1903 piures
705 1850 780 1888 loci
798 1846 1073 1900 agnoscuntur,
1097 1845 1158 1885 sed
1180 1847 1295 1884 unius
1320 1845 1438 1884 modo
1461 1843 1574 1884 facies
1601 1843 1837 1882 describitun

560 1903 676 1956 Quid
691 1904 797 1956 quod
814 1903 853 1940 in
874 1900 951 1940 fine
968 1901 1082 1940 huius
1103 1899 1218 1952 ipfius
1234 1900 1395 1952 paginae
1414 1896 1629 1950 ἑκατέρωθεν
1650 1898 1840 1949 interpre-

561 1969 694 1997 tantur
717 1973 761 1996 ex
776 1968 917 2008 utraque
938 1967 1056 2008 parte,
1077 1953 1118 1993 ὅ(
1133 1953 1246 1993 τεξὶε.
1266 1954 1416 2005 Nempe
1432 1954 1538 1992 new&
1557 1952 1704 2003 &Ampe
1722 1950 1775 1990 est
1796 1950 1838 1990 in

560 2013 719 2052 alteram
734 2022 892 2064 partem.
909 2010 1054 2049 NaGius
1067 2009 1195 2048 locum
1214 2007 1260 2045 ab
1283 2020 1363 2046 uno
1380 2007 1496 2045 latere
1517 2019 1698 2059 perquam
1714 2004 1841 2044 humi-

560 2066 637 2105 lem
653 2079 697 2106 ac
716 2067 903 2105 declivem
919 2094 932 2110 ,
952 2077 1043 2103 eum
1069 2063 1177 2102 alteri
1202 2063 1306 2100 lateri
1330 2062 1513 2114 aequavit
1535 2059 1769 2113 aggerando.
1793 2057 1837 2097 In

560 2119 810 2172 sequentibus
825 2119 956 2158 Latine
971 2117 1170 2157 reddendis
1184 2117 1367 2155 difficilior
1383 2116 1482 2154 ratio
1495 2114 1558 2153 est.
1578 2114 1686 2153 Dicit
1704 2113 1840 2152 Lucia-

561 2187 636 2214 nus
657 2174 782 2228 ample
803 2173 913 2219 satis,
933 2171 1099 2223 upszvrfsae
1118 2172 1187 2220 μὲν
1214 2170 1465 2215 βεβαιοτάτην
1488 2168 1639 2207 ἅπαντι
1663 2167 1717 2216 τῷ
1738 2166 1837 2219 ἔργῳ

560 2227 811 2279 βαιλλὸμενος,
832 2227 893 2265 neci
917 2227 1098 2275 ἓῑεμελίων
1114 2226 1216 2263 δέσει
1239 2226 1303 2262 τὴν
1327 2223 1401 2263 τῶν
1424 2222 1684 2272 ἐπιτιθεμένων
1707 2222 1839 2270 ἀσφά-

561 2294 672 2322 λειαν
699 2280 1029 2331 ἐμπεὲωσέιμενος.
1060 2280 1101 2318 Id
1128 2278 1358 2317 describendi
1387 2290 1506 2330 genus
1539 2290 1629 2316 cum
1658 2274 1838 2315 salmurii

562 2338 786 2389 proximum
814 2335 1052 2387 tautologiae
1079 2332 1370 2376 existimaretur,
1391 2333 1479 2370 vide
1510 2332 1575 2383 qui
1601 2329 1838 2382 compegerit

563 2391 607 2430 ἃ
628 2390 866 2430 contraxerit
891 2389 975 2436 sua,
991 2391 1098 2440 pofito
1119 2389 1207 2439 operi
1219 2386 1405 2438 firmiffi'mo
1425 2386 1648 2437 fundamento
1662 2414 1673 2430 ‚
1692 2398 1757 2436 quo
1769 2382 1838 2434 fic-

561 2446 729 2498 perstruc'ii
751 2445 898 2497 aedificii
914 2444 1137 2483 certitudinem
1161 2443 1380 2492 confirmaret.
1405 2441 1458 2478 At
1480 2437 1694 2490 religiosior
1720 2439 1756 2475 in
1782 2437 1839 2475 his

561 2499 802 2552 Obsopoeus
821 2511 984 2550 aequare
1000 2497 1124 2537 voluit
1147 2496 1298 2537 Graeca
1311 2525 1321 2541 ,
1331 2497 1644 2547 firmamentumque
1665 2491 1841 2541 muniziſjz'-

561 2568 653 2592 mum
678 2555 769 2593 omni
786 2554 911 2605 ficturo
935 2553 1023 2605 operi
1040 2553 1238 2604 subiiciens,
1250 2549 1548 2601 fundamentorum
1567 2548 1730 2600 pofitiorze
1751 2545 1840 2597 fith-
