1956 3444
624 247 714 294 ςμ
812 230 1694 283 ANNOTATIONES

619 321 678 360 &a
692 351 704 367 ,
723 320 930 374 saepiffime
945 321 1191 375 personarum
1209 325 1365 364 nomina
1381 324 1503 364 studio
1521 324 1653 365 omissa
1667 325 1716 365 ab
1729 325 1889 369 auam-e

618 376 749 423 video,
769 377 859 428 quia
875 377 1008 429 sponte
1026 388 1141 428 patet,
1158 379 1221 416 ubi
1241 379 1399 431 incipiat
1416 392 1520 418 nova
1537 379 1713 431 persona,
1727 382 1885 433 quando

617 429 709 467 illud
730 431 868 482 inquam
889 444 970 481 ego,
996 432 1105 482 inquit
1120 432 1175 470 ille
1188 461 1199 479 ,
1220 433 1376 471 additur.
1406 432 1461 471 Ita
1481 432 1623 472 Cicero
1643 447 1665 472 e
1687 436 1887 476 contrario

617 483 834 523 evitaturus
849 485 909 523 illa
925 486 1084 535 repetita
1098 485 1234 537 inquam
1252 487 1290 524 δι
1303 487 1432 538 inquit,
1457 487 1706 539 personarum
1724 490 1884 529 nomina

619 537 814 583 adscribit,
839 540 943 590 quod
958 539 1100 577 disertis
1116 539 1244 578 verbis
1263 552 1396 579 monet
1413 541 1458 579 de
1478 541 1633 580 Amicit.
1652 554 1683 581 c.
1703 555 1716 579 ι
1735 554 1745 580 ε
1776 544 1889 594 Quasi

618 592 703 630 enim
723 591 816 642 ipsbs
830 592 951 631 induxi
963 594 1143 645 loquentes,
1159 608 1214 639 ne,
1235 592 1405 646 inquam,
1423 595 1472 639 δ’,
1483 594 1618 646 inquit,
1629 594 1770 648 fhepius
1782 597 1886 635 inter·

612 657 835 698 ponerentur.-
850 659 948 699 atque
964 659 1003 684 ut
1013 660 1174 699 tanquam
1185 663 1207 685 iz
1216 648 1444 699 praesentibus
1456 663 1567 687 coram
1583 649 1698 687 haberi
1705 649 1816 700 firmo
1834 652 1887 689 νὶ-

617 703 758 738 deretur.
778 699 915 751 Quare
936 713 1069 752 terque
1085 712 1296 753 quaterque
1319 701 1561 741 insertionem
1587 702 1688 742 illam
1705 704 1887 757 marginis

618 753 704 791 Ald.
721 754 893 794 indicasse
904 766 1122 801 contentus,
1136 767 1281 793 ceteras
1293 756 1446 795 omitto.
1468 756 1610 795 Rmz.

671 810 744 847 ead.
760 808 783 845 l.
804 822 817 846 1
826 822 860 857 7.
877 808 917 847 ‘O
929 807 973 848 Σὲ
985 809 1177 859 τεττάρων
1186 808 1298 857 μνῶν,
1311 809 1411 848 πάνυ
1427 810 1677 864 σμικρολόγος
1688 809 1747 858 ὢν,
1760 815 1884 851 Γλαυ-

615 860 698 899 κίαν
713 861 921 913 ἐπέραστον
934 862 1161 914 ἐργάζεται)
1177 862 1385 915 Interpres,
1402 865 1440 901 Is
1454 875 1599 916 quatuor
1612 865 1793 913 minarum,
1804 877 1883 905 tan·

615 916 680 955 tilli
694 916 777 954 lucri
788 917 923 963 avidus,
940 915 1122 955 Glauciam
1134 916 1257 955 amotis
1268 930 1446 968 compotem
1451 917 1580 968 fecerit.
1595 919 1728 958 Merae
1739 932 1881 972 nugae.

615 969 678 1008 Ad
700 968 891 1009 historiam
910 971 955 1010 de
971 982 1107 1009 amore
1128 969 1312 1009 Glauciae
1338 971 1431 1023 (qui
1455 972 1632 1010 nimirum
1649 971 1883 1023 Chrysidem

613 1024 808 1075 quandam
824 1037 970 1070 amans,
993 1036 1039 1063 ea
1057 1024 1198 1074 potitus
1213 1024 1346 1063 dicitur
1361 1024 1433 1064 effe
1455 1038 1531 1077 ope
1547 1025 1651 1078 Magi
1666 1025 1858 1066 cuiusdam
1872 1058 1885 1076 ,

613 1077 682 1126 qui
699 1077 870 1123 iaffliret,
883 1077 932 1125 se,
947 1078 975 1116 s1
992 1076 1120 1123 vellet,
1135 1078 1182 1116 ab
1197 1077 1379 1117 ditissimis
1391 1078 1539 1118 feminis
1558 1078 1796 1119 sollicitatum
1811 1081 1886 1128 iri,

615 1130 812 1182 &integra
829 1132 874 1170 ab
886 1133 938 1171 eis
963 1133 1105 1170 talenta
1127 1143 1373 1184 accepturum
1388 1132 1481 1180 effe,
1496 1133 1561 1172 ubi
1573 1143 1702 1173 tamen
1713 1145 1885 1186 quatuor

610 1185 722 1224 minis
737 1185 923 1225 Glauciae
936 1185 1161 1237 Chrysidem
1177 1185 1424 1240 conciliasset)
1439 1186 1639 1238 respondet
1652 1187 1880 1239 Tychiades

610 1238 710 1278 inter
725 1239 812 1286 alia,
830 1239 865 1279 se
883 1240 1014 1279 mirari
1026 1241 1184 1292 Magum
1198 1239 1333 1292 ipsum,
1353 1241 1458 1293 quod
1475 1241 1550 1288 ille,
1573 1241 1662 1281 dum
1680 1241 1791 1292 poffit
1804 1242 1883 1295 ipse

612 1292 873 1333 ditiflimarum
888 1293 1117 1333 feminarum
1134 1307 1265 1333 amore
1276 1294 1368 1341 frui,
1382 1296 1421 1334 δι
1435 1294 1586 1348 insuper
1599 1296 1753 1348 integris
1765 1296 1885 1336 talen-

611 1347 658 1386 tis
674 1348 720 1386 ab
734 1348 787 1387 eis
800 1348 949 1397 donari,
973 1359 1100 1387 tamen
1113 1361 1257 1400 quatuor
1269 1349 1382 1394 minis,
1396 1350 1508 1388 lucelli
1521 1349 1642 1402 oppido
1654 1350 1769 1401 exigui
1779 1351 1883 1390 ratio-

612 1417 685 1440 nem
698 1403 838 1448 habens,
855 1403 1028 1442 Glauciam
1041 1403 1214 1441 reddiderit
1223 1403 1415 1449 amabilem,
1425 1402 1604 1454 Chrysldi
1613 1416 1763 1455 nempe.
1772 1404 1845 1444 IEN
1848 1415 1883 1445 S.

666 1455 755 1507 Pag.
776 1455 861 1495 266.
876 1456 901 1495 l.
919 1471 952 1508 3.
976 1455 1262 1509 Δαιμονῶντεις)
1286 1455 1484 1496 Vid.P1ut.
1501 1457 1639 1511 Symp.
1656 1457 1772 1506 VIII,
1794 1471 1830 1510 5,
1843 1472 1882 1510 p.

614 1521 730 1560 1257.
749 1510 908 1549 SOLAN.
935 1511 975 1549 L.
987 1511 1067 1549 Bos
1088 1510 1162 1562 (·de
1177 1523 1258 1562 quo
1273 1511 1447 1550 adeundo
1468 1511 1614 1551 Hemst.
1629 1511 1667 1549 in
1681 1524 1797 1564 marg.
1816 1513 1882 1551 ad-

610 1564 780 1616 monuit)
797 1565 834 1602 in
851 1564 998 1616 Evang.
1015 1564 1230 1611 loan.V11‚
1248 1578 1311 1613 20,
1326 1564 1436 1617 plura
1449 1563 1579 1604 similia
1595 1563 1720 1613 affert,
1739 1566 1882 1617 quibus

607 1617 841 1657 demonstret
853 1647 863 1664 ‚
886 1616 1070 1668 ὃαιμονᾷν
1091 1619 1131 1657 ὅ(
1143 1617 1423 1669 κακοεΐιιιμονᾷν
1438 1618 1608 1670 profanis
1630 1618 1881 1672 scriptoribus

607 1672 707 1711 idem
725 1672 812 1718 effe,
827 1673 935 1725 quod
948 1674 1060 1711 sacris
1073 1671 1265 1722 δαιμόνιον
1281 1672 1409 1724 ἔχειν.
1435 1673 1577 1712 REITz.

662 1730 735 1765 ead.
757 1728 780 1765 l.
801 1728 836 1765 6.
855 1729 921 1765 Tou
945 1726 1054 1778 Σύρον
1080 1726 1170 1778 τὴν)
1195 1726 1448 1766 Christianum
1477 1727 1686 1780 intelligere
1709 1727 1881 1768 videtur.

610 1780 780 1821 GUYET.
807 1781 898 1819 Non
911 1781 1067 1826 dubim,
1092 1781 1189 1833 quin
1206 1794 1273 1833 per
1287 1781 1432 1832 Syrum
1449 1781 1554 1820 illum
1569 1794 1590 1820 e
1603 1781 1811 1821 Palaestina
1823 1783 1881 1821 in-

608 1835 797 1875 tellexerit
810 1836 974 1887 aliquem
988 1847 1035 1874 ex
1046 1833 1328 1886 Apostolorum
1343 1834 1530 1887 discipulis
1540 1835 1815 1875 Christianum:
1834 1836 1880 1875 iis

608 1889 711 1928 enim
724 1919 736 1934 ‚
756 1901 797 1929 ut
814 1889 991 1928 dominus
1009 1887 1183 1928 Christus
1205 1889 1443 1941 praedixerat
1456 1919 1467 1936 ,
1492 1889 1656 1929 subieAEta
1670 1902 1776 1929 erant
1791 1890 1881 1930 dae-

607 1943 759 1991 monia,
786 1944 828 1984 &
847 1944 934 1982 talia
961 1943 1141 1983 miracula
1156 1942 1286 1997 paffim
1306 1942 1446 1983 fiebant
1468 1943 1505 1982 in
1525 1944 1645 1997 prima
1666 1944 1728 1984 ina
1755 1955 1879 1985 aetate

606 1996 798 2038 ecclefiae.
828 1997 960 2036 PALM.

659 2052 738 2090 ibid.
752 2052 833 2091 Ἐπὶ
848 2053 986 2090 τούτων
1005 2051 1213 2100 σοφιστὴν)
1237 2050 1502 2091 Florentinum
1521 2050 1644 2100 τούτῳ
1659 2051 1784 2090 minus
1797 2051 1880 2104 pla-

604 2118 680 2146 cet.
696 2105 776 2144 Ἐπὶ
791 2107 891 2145 enim
913 2119 999 2146 cum
1015 2106 1179 2145 secundo
1193 2105 1281 2145 casu
1299 2107 1357 2145 hic
1377 2118 1484 2145 notat
1496 2119 1604 2150 eum,
1623 2107 1690 2156 qui
1712 2105 1879 2158 praeest,

605 2159 845 2213 praepositus
865 2159 917 2200 est
940 2161 992 2198 illi
1015 2161 1197 2212 negotio,
1224 2173 1266 2199 ut
1285 2161 1320 2198 in
1338 2160 1480 2211 Evang.
1506 2161 1597 2199 Luc.
1624 2159 1721 2205 XII,
1739 2174 1815 2208 42,
1839 2160 1879 2200 ὃν

606 2210 844 2255 καταστήσει
864 2213 878 2252 ὁ
900 2214 1014 2266 κύριος
1035 2213 1099 2252 ἐπὶ
1112 2214 1175 2254 τῆς
1186 2214 1392 2265 &apamias
1408 2212 1537 2252 αὑτοῦ.
1559 2214 1617 2253 Ac
1634 2212 1710 2252 slne
1726 2214 1878 2262 verbo,

606 2278 649 2308 ut
668 2269 749 2314 hic,
768 2267 916 2321 Ioseph.
933 2271 1022 2307 Ant.
1037 2267 1129 2315 ΧΠ,
1150 2282 1182 2316 ι,
1201 2267 1292 2307 ὅέστι
1307 2267 1561 2314 βιβλιοθηκῶν,
1577 2267 1877 2306 Bibliothecarius.

604 2322 654 2361 Et
668 2322 768 2374 apud
785 2322 969 2361 Nostrum
982 2322 1086 2361 Tox.
1103 2335 1135 2361 c.
1151 2335 1198 2373 29
1213 2335 1267 2373 pr.
1295 2321 1309 2360 ὃ
1338 2320 1570 2372 &wisse-1451!
1591 2324 1783 2374 praejeflus
1798 2336 1876 2362 aar·

604 2377 699 2419 ceris,
715 2376 836 2415 ubi&
853 2376 923 2415 alia
937 2377 1120 2415 dedimus.
1143 2375 1288 2414 RE1Tz.

657 2432 768 2468 (πάλ.
783 2445 820 2483 9.
836 2424 963 2480 Ὅμως
987 2430 1182 2475 ἀνίστησι,
1203 2429 1265 2468 καὶ
1293 2429 1522 2478 ἀποπέμπει
1546 2428 1706 2479 ἀρτίους,
1731 2427 1876 2478 ἕπὶμιὲ

606 2484 683 2533 σῧῷ
694 2487 859 2536 μεγάλῳ
871 2484 1115 2536 ἀπαλλάξας
1126 2484 1197 2523 τῶν
1211 2483 1374 2536 δεινῶν.)
1390 2484 1525 2523 Sermo
1537 2483 1591 2522 est
1605 2484 1650 2522 de
1660 2484 1764 2534 Syro
1777 2494 1877 2534 quo-

605 2538 704 2586 dam,
723 2537 964 2591 (Christiano
979 2536 1092 2588 forte,
1111 2549 1153 2579 ut
1172 2538 1308 2579 iudicat
1320 2537 1544 2590 palmerius)
1561 2539 1627 2590 qui
1639 2549 1722 2584 eOS,
1747 2537 1812 2590 qui
1825 2534 1874 2575 ad
